price|quantity|type|timestamp
4623000|4.0068|0|2024-04-27 17:40:20.068
4620000|1.4435|0|2024-04-27 17:40:20.068
4619000|1|0|2024-04-27 17:40:20.068
4618000|2.138|0|2024-04-27 17:40:20.068
4617000|1|0|2024-04-27 17:40:20.068
4627000|0.7375|1|2024-04-27 17:40:20.068
4628000|15.005|1|2024-04-27 17:40:20.068
4629000|3.0625|1|2024-04-27 17:40:20.068
4630000|4|1|2024-04-27 17:40:20.068
4631000|8.7125|1|2024-04-27 17:40:20.068
4630000|2.8738|0|2024-04-27 17:40:25.301
4629000|0.1972|0|2024-04-27 17:40:25.301
4625000|1.2444|0|2024-04-27 17:40:25.301
4624000|1.451|0|2024-04-27 17:40:25.301
4623000|5.0068|0|2024-04-27 17:40:25.301
4631000|4.1937|1|2024-04-27 17:40:25.301
4632000|2.5|1|2024-04-27 17:40:25.301
4633000|18.6928|1|2024-04-27 17:40:25.301
4634000|1.0066|1|2024-04-27 17:40:25.301
4635000|4.4461|1|2024-04-27 17:40:25.301
4630000|0.3218|0|2024-04-27 17:40:30.532
4629000|0.1|0|2024-04-27 17:40:30.532
4628000|2.7009|0|2024-04-27 17:40:30.532
4625000|1.2444|0|2024-04-27 17:40:30.532
4624000|1.337|0|2024-04-27 17:40:30.532
4631000|4.1987|1|2024-04-27 17:40:30.532
4632000|2.5|1|2024-04-27 17:40:30.532
4633000|15.6928|1|2024-04-27 17:40:30.532
4634000|4.0066|1|2024-04-27 17:40:30.532
4635000|4.4461|1|2024-04-27 17:40:30.532
4624000|2.6831|0|2024-04-27 17:40:35.780
4623000|0.1171|0|2024-04-27 17:40:35.780
4622000|3|0|2024-04-27 17:40:35.780
4621000|1|0|2024-04-27 17:40:35.780
4620000|2.3221|0|2024-04-27 17:40:35.780
4630000|7.7853|1|2024-04-27 17:40:35.780
4631000|19.0371|1|2024-04-27 17:40:35.780
4632000|6.931|1|2024-04-27 17:40:35.780
4633000|4.6928|1|2024-04-27 17:40:35.780
4634000|4.4381|1|2024-04-27 17:40:35.780
4622000|2.6844|0|2024-04-27 17:40:41.019
4621000|3.1171|0|2024-04-27 17:40:41.019
4620000|3.436|0|2024-04-27 17:40:41.019
4619000|4|0|2024-04-27 17:40:41.019
4618000|2.1366|0|2024-04-27 17:40:41.019
4629000|5.0088|1|2024-04-27 17:40:41.019
4630000|19.7205|1|2024-04-27 17:40:41.019
4631000|8.0485|1|2024-04-27 17:40:41.019
4632000|94.9042|1|2024-04-27 17:40:41.019
4633000|5.1368|1|2024-04-27 17:40:41.019
4622000|2.3652|0|2024-04-27 17:40:46.253
4620000|2.6633|0|2024-04-27 17:40:46.253
4619000|3|0|2024-04-27 17:40:46.253
4618000|3.7037|0|2024-04-27 17:40:46.253
4617000|1.4388|0|2024-04-27 17:40:46.253
4627000|3|1|2024-04-27 17:40:46.253
4628000|19.3114|1|2024-04-27 17:40:46.253
4629000|1.003|1|2024-04-27 17:40:46.253
4630000|4.7205|1|2024-04-27 17:40:46.253
4631000|5.4696|1|2024-04-27 17:40:46.253
4622000|1.6593|0|2024-04-27 17:40:51.493
4619000|1.7017|0|2024-04-27 17:40:51.493
4618000|6.2804|0|2024-04-27 17:40:51.493
4617000|3|0|2024-04-27 17:40:51.493
4616000|3.4881|0|2024-04-27 17:40:51.493
4626000|3.3115|1|2024-04-27 17:40:51.493
4627000|107.4022|1|2024-04-27 17:40:51.493
4628000|4|1|2024-04-27 17:40:51.493
4629000|1.003|1|2024-04-27 17:40:51.493
4630000|0.4482|1|2024-04-27 17:40:51.493
4622000|1.6571|0|2024-04-27 17:40:56.716
4618000|3.2804|0|2024-04-27 17:40:56.716
4617000|4.6947|0|2024-04-27 17:40:56.716
4616000|3.4881|0|2024-04-27 17:40:56.716
4615000|4.4267|0|2024-04-27 17:40:56.716
4625000|3.3115|1|2024-04-27 17:40:56.716
4626000|20.6498|1|2024-04-27 17:40:56.716
4627000|4.003|1|2024-04-27 17:40:56.716
4628000|4.002|1|2024-04-27 17:40:56.716
4629000|92.4057|1|2024-04-27 17:40:56.716
4623000|2.5633|0|2024-04-27 17:41:01.961
4622000|7.0122|0|2024-04-27 17:41:01.961
4621000|3|0|2024-04-27 17:41:01.961
4620000|4.419|0|2024-04-27 17:41:01.961
4619000|4|0|2024-04-27 17:41:01.961
4627000|0.003|1|2024-04-27 17:41:01.961
4628000|0.002|1|2024-04-27 17:41:01.961
4629000|0.0065|1|2024-04-27 17:41:01.961
4630000|3.002|1|2024-04-27 17:41:01.961
4631000|111.4477|1|2024-04-27 17:41:01.961
4627000|3|0|2024-04-27 17:41:07.200
4626000|1.6947|0|2024-04-27 17:41:07.200
4625000|3.555|0|2024-04-27 17:41:07.200
4624000|4|0|2024-04-27 17:41:07.200
4623000|4.4472|0|2024-04-27 17:41:07.200
4629000|0.0065|1|2024-04-27 17:41:07.200
4630000|0.002|1|2024-04-27 17:41:07.200
4631000|4.0485|1|2024-04-27 17:41:07.200
4632000|2.505|1|2024-04-27 17:41:07.200
4633000|0.0043|1|2024-04-27 17:41:07.200
4629000|3|0|2024-04-27 17:41:12.420
4628000|3|0|2024-04-27 17:41:12.420
4627000|5.6947|0|2024-04-27 17:41:12.420
4626000|1.1151|0|2024-04-27 17:41:12.420
4625000|4.4399|0|2024-04-27 17:41:12.420
4631000|1.7298|1|2024-04-27 17:41:12.420
4632000|2.505|1|2024-04-27 17:41:12.420
4633000|0.0043|1|2024-04-27 17:41:12.420
4634000|0.0096|1|2024-04-27 17:41:12.420
4635000|0.01|1|2024-04-27 17:41:12.420
4636000|0.1619|0|2024-04-27 17:41:17.652
4634000|3.0972|0|2024-04-27 17:41:17.652
4633000|3|0|2024-04-27 17:41:17.652
4632000|1.0421|0|2024-04-27 17:41:17.652
4631000|1.4207|0|2024-04-27 17:41:17.652
4638000|0.0255|1|2024-04-27 17:41:17.652
4639000|0.061|1|2024-04-27 17:41:17.652
4640000|0.6941|1|2024-04-27 17:41:17.652
4641000|1.7188|1|2024-04-27 17:41:17.652
4642000|9.3123|1|2024-04-27 17:41:17.652
4637000|0.8514|0|2024-04-27 17:41:22.879
4635000|3.0972|0|2024-04-27 17:41:22.879
4634000|3|0|2024-04-27 17:41:22.879
4633000|3.4364|0|2024-04-27 17:41:22.879
4629000|0.4277|0|2024-04-27 17:41:22.879
4639000|0.1628|1|2024-04-27 17:41:22.879
4640000|0.6941|1|2024-04-27 17:41:22.879
4641000|0.003|1|2024-04-27 17:41:22.879
4642000|6.3123|1|2024-04-27 17:41:22.879
4643000|18.0099|1|2024-04-27 17:41:22.879
4637000|0.438|0|2024-04-27 17:41:28.099
4635000|0.6412|0|2024-04-27 17:41:28.099
4634000|0.0972|0|2024-04-27 17:41:28.099
4632000|3|0|2024-04-27 17:41:28.099
4629000|1.4277|0|2024-04-27 17:41:28.099
4639000|0.1628|1|2024-04-27 17:41:28.099
4640000|4.6941|1|2024-04-27 17:41:28.099
4641000|19.7018|1|2024-04-27 17:41:28.099
4642000|10.3123|1|2024-04-27 17:41:28.099
4643000|5.1225|1|2024-04-27 17:41:28.099
4634000|1.2317|0|2024-04-27 17:41:33.327
4633000|0.6029|0|2024-04-27 17:41:33.327
4632000|3.0972|0|2024-04-27 17:41:33.327
4631000|4.938|0|2024-04-27 17:41:33.327
4629000|1.4277|0|2024-04-27 17:41:33.327
4637000|0.005|1|2024-04-27 17:41:33.327
4639000|0.1677|1|2024-04-27 17:41:33.327
4640000|6.4307|1|2024-04-27 17:41:33.327
4641000|19.003|1|2024-04-27 17:41:33.327
4642000|10.3123|1|2024-04-27 17:41:33.327
4633000|0.5029|0|2024-04-27 17:41:38.583
4632000|0.0972|0|2024-04-27 17:41:38.583
4631000|4.938|0|2024-04-27 17:41:38.583
4629000|1.4277|0|2024-04-27 17:41:38.583
4628000|1|0|2024-04-27 17:41:38.583
4637000|0.005|1|2024-04-27 17:41:38.583
4638000|1.6931|1|2024-04-27 17:41:38.583
4639000|0.1727|1|2024-04-27 17:41:38.583
4640000|4.7376|1|2024-04-27 17:41:38.583
4641000|67.2676|1|2024-04-27 17:41:38.583
4635000|0.6063|0|2024-04-27 17:41:43.815
4634000|0.7425|0|2024-04-27 17:41:43.815
4633000|4.6952|0|2024-04-27 17:41:43.815
4632000|3.0972|0|2024-04-27 17:41:43.815
4631000|4.4367|0|2024-04-27 17:41:43.815
4637000|0.0262|1|2024-04-27 17:41:43.815
4639000|0.1678|1|2024-04-27 17:41:43.815
4640000|0.7425|1|2024-04-27 17:41:43.815
4641000|15.003|1|2024-04-27 17:41:43.815
4642000|10.3173|1|2024-04-27 17:41:43.815
4633000|3.0457|0|2024-04-27 17:41:49.058
4631000|3.0972|0|2024-04-27 17:41:49.058
4629000|1.4211|0|2024-04-27 17:41:49.058
4628000|1|0|2024-04-27 17:41:49.058
4627000|0.4333|0|2024-04-27 17:41:49.058
4637000|0.0262|1|2024-04-27 17:41:49.058
4639000|1.1074|1|2024-04-27 17:41:49.058
4640000|4.7425|1|2024-04-27 17:41:49.058
4641000|19.003|1|2024-04-27 17:41:49.058
4642000|10.3173|1|2024-04-27 17:41:49.058
4633000|2.9457|0|2024-04-27 17:41:54.342
4631000|3.0972|0|2024-04-27 17:41:54.342
4629000|1.4211|0|2024-04-27 17:41:54.342
4628000|1|0|2024-04-27 17:41:54.342
4627000|0.4333|0|2024-04-27 17:41:54.342
4637000|0.0262|1|2024-04-27 17:41:54.342
4639000|0.1678|1|2024-04-27 17:41:54.342
4640000|5.6807|1|2024-04-27 17:41:54.342
4641000|67.2673|1|2024-04-27 17:41:54.342
4642000|10.3173|1|2024-04-27 17:41:54.342
4633000|3.1135|0|2024-04-27 17:41:59.595
4632000|3|0|2024-04-27 17:41:59.595
4631000|3.0972|0|2024-04-27 17:41:59.595
4629000|1.4211|0|2024-04-27 17:41:59.595
4628000|1|0|2024-04-27 17:41:59.595
4638000|0.9325|1|2024-04-27 17:41:59.595
4639000|0.1678|1|2024-04-27 17:41:59.595
4640000|4.7425|1|2024-04-27 17:41:59.595
4641000|67.2673|1|2024-04-27 17:41:59.595
4642000|11.2498|1|2024-04-27 17:41:59.595
4634000|3|0|2024-04-27 17:42:04.831
4633000|8.9722|0|2024-04-27 17:42:04.831
4632000|3.527|0|2024-04-27 17:42:04.831
4631000|1|0|2024-04-27 17:42:04.831
4630000|1.4273|0|2024-04-27 17:42:04.831
4639000|0.1678|1|2024-04-27 17:42:04.831
4640000|0.7376|1|2024-04-27 17:42:04.831
4641000|0.9269|1|2024-04-27 17:42:04.831
4642000|25.3173|1|2024-04-27 17:42:04.831
4643000|4.7015|1|2024-04-27 17:42:04.831
4633000|6.0436|0|2024-04-27 17:42:10.071
4632000|3.0972|0|2024-04-27 17:42:10.071
4630000|1.4273|0|2024-04-27 17:42:10.071
4629000|1.4211|0|2024-04-27 17:42:10.071
4627000|3.9933|0|2024-04-27 17:42:10.071
4640000|15.7425|1|2024-04-27 17:42:10.071
4641000|4.003|1|2024-04-27 17:42:10.071
4642000|10.3173|1|2024-04-27 17:42:10.071
4643000|4.7015|1|2024-04-27 17:42:10.071
4644000|58.291|1|2024-04-27 17:42:10.071
4639000|0.8951|0|2024-04-27 17:42:15.357
4637000|4.2409|0|2024-04-27 17:42:15.357
4636000|3.0972|0|2024-04-27 17:42:15.357
4635000|4.6833|0|2024-04-27 17:42:15.357
4634000|4.4367|0|2024-04-27 17:42:15.357
4640000|0.7376|1|2024-04-27 17:42:15.357
4641000|0.003|1|2024-04-27 17:42:15.357
4642000|6.3173|1|2024-04-27 17:42:15.357
4643000|0.7015|1|2024-04-27 17:42:15.357
4644000|0.0048|1|2024-04-27 17:42:15.357
4646000|1.0058|0|2024-04-27 17:42:20.587
4642000|0.5428|0|2024-04-27 17:42:20.587
4640000|1.7095|0|2024-04-27 17:42:20.587
4639000|0.0011|0|2024-04-27 17:42:20.587
4638000|1|0|2024-04-27 17:42:20.587
4648000|0.0026|1|2024-04-27 17:42:20.587
4649000|0.005|1|2024-04-27 17:42:20.587
4650000|23.0722|1|2024-04-27 17:42:20.587
4651000|4.2265|1|2024-04-27 17:42:20.587
4652000|19.0263|1|2024-04-27 17:42:20.587
4640000|1.0071|0|2024-04-27 17:42:25.820
4639000|0.0011|0|2024-04-27 17:42:25.820
4636000|1.4713|0|2024-04-27 17:42:25.820
4635000|0.4475|0|2024-04-27 17:42:25.820
4633000|2.1485|0|2024-04-27 17:42:25.820
4646000|4.6904|1|2024-04-27 17:42:25.820
4647000|6.0195|1|2024-04-27 17:42:25.820
4648000|22.6638|1|2024-04-27 17:42:25.820
4649000|4.4358|1|2024-04-27 17:42:25.820
4650000|28.6323|1|2024-04-27 17:42:25.820
4640000|0.8482|0|2024-04-27 17:42:31.066
4639000|0.1032|0|2024-04-27 17:42:31.066
4635000|1.465|0|2024-04-27 17:42:31.066
4634000|0.4277|0|2024-04-27 17:42:31.066
4633000|2.1485|0|2024-04-27 17:42:31.066
4645000|0.0021|1|2024-04-27 17:42:31.066
4648000|6.5812|1|2024-04-27 17:42:31.066
4649000|19.4358|1|2024-04-27 17:42:31.066
4650000|26.9701|1|2024-04-27 17:42:31.066
4651000|0.2265|1|2024-04-27 17:42:31.066
4641000|0.8086|0|2024-04-27 17:42:36.303
4639000|0.0011|0|2024-04-27 17:42:36.303
4637000|1.4552|0|2024-04-27 17:42:36.303
4634000|0.4277|0|2024-04-27 17:42:36.303
4633000|2.6036|0|2024-04-27 17:42:36.303
4646000|1.6918|1|2024-04-27 17:42:36.303
4647000|18.6904|1|2024-04-27 17:42:36.303
4648000|4.3099|1|2024-04-27 17:42:36.303
4649000|4.4539|1|2024-04-27 17:42:36.303
4650000|27.3922|1|2024-04-27 17:42:36.303
4641000|0.8086|0|2024-04-27 17:42:41.550
4639000|0.0011|0|2024-04-27 17:42:41.550
4635000|1.4547|0|2024-04-27 17:42:41.550
4634000|0.4277|0|2024-04-27 17:42:41.550
4633000|2.1485|0|2024-04-27 17:42:41.550
4646000|6.0018|1|2024-04-27 17:42:41.550
4647000|19.6904|1|2024-04-27 17:42:41.550
4648000|4.4437|1|2024-04-27 17:42:41.550
4649000|4.4539|1|2024-04-27 17:42:41.550
4650000|27.3922|1|2024-04-27 17:42:41.550
4641000|0.8086|0|2024-04-27 17:42:46.886
4640000|1.24|0|2024-04-27 17:42:46.886
4639000|0.0011|0|2024-04-27 17:42:46.886
4635000|1.4547|0|2024-04-27 17:42:46.886
4634000|0.4277|0|2024-04-27 17:42:46.886
4647000|5.7708|1|2024-04-27 17:42:46.886
4648000|4.4437|1|2024-04-27 17:42:46.886
4649000|19.4539|1|2024-04-27 17:42:46.886
4650000|26.9701|1|2024-04-27 17:42:46.886
4651000|1.4665|1|2024-04-27 17:42:46.886
4639000|1.0084|0|2024-04-27 17:42:52.163
4636000|1.2412|0|2024-04-27 17:42:52.163
4635000|3.56|0|2024-04-27 17:42:52.163
4634000|1.6918|0|2024-04-27 17:42:52.163
4633000|2.1485|0|2024-04-27 17:42:52.163
4644000|5.6844|1|2024-04-27 17:42:52.163
4645000|19.3101|1|2024-04-27 17:42:52.163
4646000|4|1|2024-04-27 17:42:52.163
4647000|7.4412|1|2024-04-27 17:42:52.163
4648000|4.4416|1|2024-04-27 17:42:52.163
4639000|0.0011|0|2024-04-27 17:42:57.399
4637000|0.1021|0|2024-04-27 17:42:57.399
4635000|2.1305|0|2024-04-27 17:42:57.399
4634000|0.4225|0|2024-04-27 17:42:57.399
4633000|2.8032|0|2024-04-27 17:42:57.399
4641000|3.2955|1|2024-04-27 17:42:57.399
4645000|1.6776|1|2024-04-27 17:42:57.399
4646000|4|1|2024-04-27 17:42:57.399
4647000|5.7758|1|2024-04-27 17:42:57.399
4648000|19.005|1|2024-04-27 17:42:57.399
4639000|0.2609|0|2024-04-27 17:43:02.629
4638000|1.2406|0|2024-04-27 17:43:02.629
4636000|0.1021|0|2024-04-27 17:43:02.629
4634000|1.6798|0|2024-04-27 17:43:02.629
4633000|2.5685|0|2024-04-27 17:43:02.629
4641000|3.2376|1|2024-04-27 17:43:02.629
4644000|1.673|1|2024-04-27 17:43:02.629
4645000|4|1|2024-04-27 17:43:02.629
4646000|19|1|2024-04-27 17:43:02.629
4647000|6.1958|1|2024-04-27 17:43:02.629
4633000|2.2506|0|2024-04-27 17:43:07.867
4630000|0.4646|0|2024-04-27 17:43:07.867
4629000|0.0022|0|2024-04-27 17:43:07.867
4628000|0.3939|0|2024-04-27 17:43:07.867
4626000|4.0241|0|2024-04-27 17:43:07.867
4641000|3.2376|1|2024-04-27 17:43:07.867
4642000|19.3624|1|2024-04-27 17:43:07.867
4643000|4|1|2024-04-27 17:43:07.867
4644000|4.4312|1|2024-04-27 17:43:07.867
4645000|4.4235|1|2024-04-27 17:43:07.867
4634000|0.0031|0|2024-04-27 17:43:13.091
4633000|2.1485|0|2024-04-27 17:43:13.091
4629000|1.6798|0|2024-04-27 17:43:13.091
4628000|1.3242|0|2024-04-27 17:43:13.091
4626000|4.0456|0|2024-04-27 17:43:13.091
4640000|4|1|2024-04-27 17:43:13.091
4641000|22.6029|1|2024-04-27 17:43:13.091
4642000|4|1|2024-04-27 17:43:13.091
4643000|4.4461|1|2024-04-27 17:43:13.091
4644000|5.3642|1|2024-04-27 17:43:13.091
4634000|0.0031|0|2024-04-27 17:43:18.324
4633000|3.3902|0|2024-04-27 17:43:18.324
4630000|1.6798|0|2024-04-27 17:43:18.324
4629000|4.0016|0|2024-04-27 17:43:18.324
4628000|0.427|0|2024-04-27 17:43:18.324
4640000|0.8922|1|2024-04-27 17:43:18.324
4641000|7.2376|1|2024-04-27 17:43:18.324
4642000|19|1|2024-04-27 17:43:18.324
4643000|52.708|1|2024-04-27 17:43:18.324
4644000|7.3996|1|2024-04-27 17:43:18.324
4635000|0.0356|0|2024-04-27 17:43:24.527
4633000|2.2506|0|2024-04-27 17:43:24.527
4631000|1.6798|0|2024-04-27 17:43:24.527
4630000|4.828|0|2024-04-27 17:43:24.527
4629000|4.0016|0|2024-04-27 17:43:24.527
4641000|7.2376|1|2024-04-27 17:43:24.527
4642000|19|1|2024-04-27 17:43:24.527
4643000|52.2619|1|2024-04-27 17:43:24.527
4644000|6.2759|1|2024-04-27 17:43:24.527
4647000|2.2125|1|2024-04-27 17:43:24.527
4634000|0.001|0|2024-04-27 17:43:29.751
4633000|2.1485|0|2024-04-27 17:43:29.751
4631000|1.2423|0|2024-04-27 17:43:29.751
4630000|0.0112|0|2024-04-27 17:43:29.751
4627000|1.6798|0|2024-04-27 17:43:29.751
4639000|4.0926|1|2024-04-27 17:43:29.751
4640000|19.4517|1|2024-04-27 17:43:29.751
4641000|4|1|2024-04-27 17:43:29.751
4642000|5.6655|1|2024-04-27 17:43:29.751
4643000|4|1|2024-04-27 17:43:29.751
4634000|0.0343|0|2024-04-27 17:43:35.019
4633000|3.7732|0|2024-04-27 17:43:35.019
4631000|1.2423|0|2024-04-27 17:43:35.019
4630000|1.6928|0|2024-04-27 17:43:35.019
4629000|3.56|0|2024-04-27 17:43:35.019
4639000|4|1|2024-04-27 17:43:35.019
4640000|19|1|2024-04-27 17:43:35.019
4641000|4|1|2024-04-27 17:43:35.019
4642000|5.6655|1|2024-04-27 17:43:35.019
4643000|4|1|2024-04-27 17:43:35.019
4634000|0.0339|0|2024-04-27 17:43:40.288
4633000|2.76|0|2024-04-27 17:43:40.288
4632000|0.1021|0|2024-04-27 17:43:40.288
4631000|1.6765|0|2024-04-27 17:43:40.288
4630000|0.013|0|2024-04-27 17:43:40.288
4639000|7.9998|1|2024-04-27 17:43:40.288
4640000|4|1|2024-04-27 17:43:40.288
4641000|4|1|2024-04-27 17:43:40.288
4642000|19|1|2024-04-27 17:43:40.288
4643000|98.3398|1|2024-04-27 17:43:40.288
4634000|0.2814|0|2024-04-27 17:43:45.518
4633000|3.0618|0|2024-04-27 17:43:45.518
4632000|0.1021|0|2024-04-27 17:43:45.518
4630000|3.2865|0|2024-04-27 17:43:45.518
4629000|3.56|0|2024-04-27 17:43:45.518
4639000|7.9998|1|2024-04-27 17:43:45.518
4640000|4|1|2024-04-27 17:43:45.518
4641000|4|1|2024-04-27 17:43:45.518
4642000|19|1|2024-04-27 17:43:45.518
4643000|98.3398|1|2024-04-27 17:43:45.518
4634000|1.5229|0|2024-04-27 17:43:50.745
4633000|1.8199|0|2024-04-27 17:43:50.745
4632000|0.1021|0|2024-04-27 17:43:50.745
4631000|1.6769|0|2024-04-27 17:43:50.745
4630000|0.4633|0|2024-04-27 17:43:50.745
4641000|4|1|2024-04-27 17:43:50.745
4642000|19|1|2024-04-27 17:43:50.745
4643000|97.9058|1|2024-04-27 17:43:50.745
4644000|0.4312|1|2024-04-27 17:43:50.745
4645000|1.2415|1|2024-04-27 17:43:50.745
4633000|1.2209|0|2024-04-27 17:43:55.995
4632000|1.6737|0|2024-04-27 17:43:55.995
4631000|1.9025|0|2024-04-27 17:43:55.995
4630000|0.4633|0|2024-04-27 17:43:55.995
4629000|3.56|0|2024-04-27 17:43:55.995
4634000|2.7626|1|2024-04-27 17:43:55.995
4641000|4.001|1|2024-04-27 17:43:55.995
4642000|4.001|1|2024-04-27 17:43:55.995
4643000|19|1|2024-04-27 17:43:55.995
4644000|94.652|1|2024-04-27 17:43:55.995
4635000|1.2209|0|2024-04-27 17:44:01.222
4634000|1.513|0|2024-04-27 17:44:01.222
4633000|1.531|0|2024-04-27 17:44:01.222
4632000|5.2301|0|2024-04-27 17:44:01.222
4631000|0.4308|0|2024-04-27 17:44:01.222
4641000|4.1031|1|2024-04-27 17:44:01.222
4642000|4.001|1|2024-04-27 17:44:01.222
4643000|19.001|1|2024-04-27 17:44:01.222
4644000|94.2208|1|2024-04-27 17:44:01.222
4646000|1.9244|1|2024-04-27 17:44:01.222
4639000|0.0451|0|2024-04-27 17:44:06.461
4635000|1.6701|0|2024-04-27 17:44:06.461
4634000|4.0038|0|2024-04-27 17:44:06.461
4633000|1.6494|0|2024-04-27 17:44:06.461
4632000|3.56|0|2024-04-27 17:44:06.461
4641000|0.001|1|2024-04-27 17:44:06.461
4642000|0.001|1|2024-04-27 17:44:06.461
4643000|0.1031|1|2024-04-27 17:44:06.461
4644000|4.001|1|2024-04-27 17:44:06.461
4645000|19|1|2024-04-27 17:44:06.461
4641000|0.1268|0|2024-04-27 17:44:11.740
4636000|5.2301|0|2024-04-27 17:44:11.740
4635000|0.5986|0|2024-04-27 17:44:11.740
4634000|4.0038|0|2024-04-27 17:44:11.740
4633000|1.6494|0|2024-04-27 17:44:11.740
4642000|0.001|1|2024-04-27 17:44:11.740
4643000|0.001|1|2024-04-27 17:44:11.740
4644000|4.001|1|2024-04-27 17:44:11.740
4645000|4|1|2024-04-27 17:44:11.740
4646000|4|1|2024-04-27 17:44:11.740
4643000|0.0133|0|2024-04-27 17:44:16.965
4641000|0.2814|0|2024-04-27 17:44:16.965
4637000|1.6701|0|2024-04-27 17:44:16.965
4636000|3.56|0|2024-04-27 17:44:16.965
4635000|1.0218|0|2024-04-27 17:44:16.965
4644000|0.001|1|2024-04-27 17:44:16.965
4646000|4|1|2024-04-27 17:44:16.965
4647000|20.8779|1|2024-04-27 17:44:16.965
4648000|4.005|1|2024-04-27 17:44:16.965
4649000|1.005|1|2024-04-27 17:44:16.965
4637000|0.0104|0|2024-04-27 17:44:22.196
4636000|4.8009|0|2024-04-27 17:44:22.196
4634000|3.5611|0|2024-04-27 17:44:22.196
4633000|0.0021|0|2024-04-27 17:44:22.196
4631000|5.7629|0|2024-04-27 17:44:22.196
4643000|4.1021|1|2024-04-27 17:44:22.196
4644000|19.001|1|2024-04-27 17:44:22.196
4645000|4|1|2024-04-27 17:44:22.196
4646000|4|1|2024-04-27 17:44:22.196
4647000|6.2087|1|2024-04-27 17:44:22.196
4637000|0.0104|0|2024-04-27 17:44:27.426
4636000|1.6701|0|2024-04-27 17:44:27.426
4635000|3.56|0|2024-04-27 17:44:27.426
4634000|3.5611|0|2024-04-27 17:44:27.426
4633000|0.4221|0|2024-04-27 17:44:27.426
4644000|4.001|1|2024-04-27 17:44:27.426
4645000|4.1021|1|2024-04-27 17:44:27.426
4646000|19|1|2024-04-27 17:44:27.426
4647000|5.7758|1|2024-04-27 17:44:27.426
4648000|0.005|1|2024-04-27 17:44:27.426
4638000|1.2401|0|2024-04-27 17:44:32.668
4637000|1.6701|0|2024-04-27 17:44:32.668
4636000|0.3099|0|2024-04-27 17:44:32.668
4635000|4.011|0|2024-04-27 17:44:32.668
4634000|5.0073|0|2024-04-27 17:44:32.668
4641000|0.0008|1|2024-04-27 17:44:32.668
4644000|0.001|1|2024-04-27 17:44:32.668
4645000|4|1|2024-04-27 17:44:32.668
4646000|19|1|2024-04-27 17:44:32.668
4647000|5.7758|1|2024-04-27 17:44:32.668
4641000|1.5362|0|2024-04-27 17:44:37.894
4637000|3.2643|0|2024-04-27 17:44:37.894
4636000|0.3099|0|2024-04-27 17:44:37.894
4635000|4.011|0|2024-04-27 17:44:37.894
4634000|5.0073|0|2024-04-27 17:44:37.894
4644000|0.001|1|2024-04-27 17:44:37.894
4645000|3|1|2024-04-27 17:44:37.894
4646000|4.1021|1|2024-04-27 17:44:37.894
4647000|5.7758|1|2024-04-27 17:44:37.894
4648000|19.005|1|2024-04-27 17:44:37.894
4645000|0.4074|0|2024-04-27 17:44:43.132
4642000|0.9771|0|2024-04-27 17:44:43.132
4641000|1.5362|0|2024-04-27 17:44:43.132
4640000|3.56|0|2024-04-27 17:44:43.132
4638000|5.2301|0|2024-04-27 17:44:43.132
4647000|1.0853|1|2024-04-27 17:44:43.132
4648000|4.005|1|2024-04-27 17:44:43.132
4649000|19.1071|1|2024-04-27 17:44:43.132
4650000|26.9701|1|2024-04-27 17:44:43.132
4651000|4.2265|1|2024-04-27 17:44:43.132
4642000|1.5925|0|2024-04-27 17:44:48.542
4641000|3.2063|0|2024-04-27 17:44:48.542
4640000|4.003|0|2024-04-27 17:44:48.542
4639000|1.3543|0|2024-04-27 17:44:48.542
4638000|3.9999|0|2024-04-27 17:44:48.542
4647000|0.5722|1|2024-04-27 17:44:48.542
4648000|0.005|1|2024-04-27 17:44:48.542
4649000|0.005|1|2024-04-27 17:44:48.542
4650000|27.0722|1|2024-04-27 17:44:48.542
4651000|19.917|1|2024-04-27 17:44:48.542
4643000|1.2392|0|2024-04-27 17:44:53.790
4641000|0.3226|0|2024-04-27 17:44:53.790
4640000|5.228|0|2024-04-27 17:44:53.790
4639000|0.4249|0|2024-04-27 17:44:53.790
4638000|4.7517|0|2024-04-27 17:44:53.790
4647000|0.5722|1|2024-04-27 17:44:53.790
4648000|0.005|1|2024-04-27 17:44:53.790
4649000|19.005|1|2024-04-27 17:44:53.790
4650000|27.0722|1|2024-04-27 17:44:53.790
4651000|4.917|1|2024-04-27 17:44:53.790
4647000|1.878|0|2024-04-27 17:44:59.025
4643000|1.6659|0|2024-04-27 17:44:59.025
4642000|1.934|0|2024-04-27 17:44:59.025
4641000|0.7534|0|2024-04-27 17:44:59.025
4640000|10.4438|0|2024-04-27 17:44:59.025
4648000|0.005|1|2024-04-27 17:44:59.025
4649000|0.005|1|2024-04-27 17:44:59.025
4650000|22.9701|1|2024-04-27 17:44:59.025
4651000|0.3286|1|2024-04-27 17:44:59.025
4652000|4.0263|1|2024-04-27 17:44:59.025
4649000|4.061|0|2024-04-27 17:45:04.252
4648000|3.7374|0|2024-04-27 17:45:04.252
4647000|1.059|0|2024-04-27 17:45:04.252
4646000|4.0103|0|2024-04-27 17:45:04.252
4644000|0.4572|0|2024-04-27 17:45:04.252
4650000|15.6883|1|2024-04-27 17:45:04.252
4651000|0.2265|1|2024-04-27 17:45:04.252
4652000|0.0263|1|2024-04-27 17:45:04.252
4653000|0.0234|1|2024-04-27 17:45:04.252
4654000|0.005|1|2024-04-27 17:45:04.252
4646000|1.2382|0|2024-04-27 17:45:09.485
4645000|0.3093|0|2024-04-27 17:45:09.485
4644000|2.0351|0|2024-04-27 17:45:09.485
4643000|1.6433|0|2024-04-27 17:45:09.485
4642000|0.4371|0|2024-04-27 17:45:09.485
4650000|14.4681|1|2024-04-27 17:45:09.485
4651000|0.2265|1|2024-04-27 17:45:09.485
4652000|0.0263|1|2024-04-27 17:45:09.485
4653000|15.0234|1|2024-04-27 17:45:09.485
4654000|4.6954|1|2024-04-27 17:45:09.485
4645000|1.2386|0|2024-04-27 17:45:14.728
4644000|0.0076|0|2024-04-27 17:45:14.728
4642000|0.1021|0|2024-04-27 17:45:14.728
4641000|0.2149|0|2024-04-27 17:45:14.728
4640000|0.0021|0|2024-04-27 17:45:14.728
4650000|32.8127|1|2024-04-27 17:45:14.728
4651000|4.2265|1|2024-04-27 17:45:14.728
4652000|4.7168|1|2024-04-27 17:45:14.728
4653000|4.4647|1|2024-04-27 17:45:14.728
4654000|4.4344|1|2024-04-27 17:45:14.728
4641000|0.0161|0|2024-04-27 17:45:19.949
4640000|0.0658|0|2024-04-27 17:45:19.949
4636000|0.4221|0|2024-04-27 17:45:19.949
4634000|0.0011|0|2024-04-27 17:45:19.949
4633000|1.6433|0|2024-04-27 17:45:19.949
4643000|0.4371|1|2024-04-27 17:45:19.949
4644000|20.8885|1|2024-04-27 17:45:19.949
4645000|1.4221|1|2024-04-27 17:45:19.949
4646000|4|1|2024-04-27 17:45:19.949
4647000|4.4246|1|2024-04-27 17:45:19.949
4641000|0.3092|0|2024-04-27 17:45:25.170
4640000|0.0021|0|2024-04-27 17:45:25.170
4639000|1.2401|0|2024-04-27 17:45:25.170
4636000|2.0863|0|2024-04-27 17:45:25.170
4635000|3.56|0|2024-04-27 17:45:25.170
4644000|4|1|2024-04-27 17:45:25.170
4645000|19.001|1|2024-04-27 17:45:25.170
4646000|4.4221|1|2024-04-27 17:45:25.170
4647000|4.4246|1|2024-04-27 17:45:25.170
4648000|99.955|1|2024-04-27 17:45:25.170
4639000|2.2262|0|2024-04-27 17:45:30.398
4634000|1.9545|0|2024-04-27 17:45:30.398
4633000|4.011|0|2024-04-27 17:45:30.398
4631000|3.987|0|2024-04-27 17:45:30.398
4630000|0.0112|0|2024-04-27 17:45:30.398
4640000|13.8395|1|2024-04-27 17:45:30.398
4643000|19|1|2024-04-27 17:45:30.398
4644000|4|1|2024-04-27 17:45:30.398
4645000|4.4287|1|2024-04-27 17:45:30.398
4646000|4.4231|1|2024-04-27 17:45:30.398
4637000|1.596|0|2024-04-27 17:45:35.734
4636000|2.2057|0|2024-04-27 17:45:35.734
4634000|1.3443|0|2024-04-27 17:45:35.734
4632000|1.644|0|2024-04-27 17:45:35.734
4631000|3.56|0|2024-04-27 17:45:35.734
4640000|13.8395|1|2024-04-27 17:45:35.734
4642000|19|1|2024-04-27 17:45:35.734
4643000|4.4427|1|2024-04-27 17:45:35.734
4644000|4.4246|1|2024-04-27 17:45:35.734
4645000|4.4287|1|2024-04-27 17:45:35.734
4637000|1.596|0|2024-04-27 17:45:40.963
4636000|0.31|0|2024-04-27 17:45:40.963
4634000|2.0382|0|2024-04-27 17:45:40.963
4633000|0.6547|0|2024-04-27 17:45:40.963
4632000|1.6432|0|2024-04-27 17:45:40.963
4640000|11.3122|1|2024-04-27 17:45:40.963
4643000|15|1|2024-04-27 17:45:40.963
4644000|4|1|2024-04-27 17:45:40.963
4645000|4.4332|1|2024-04-27 17:45:40.963
4646000|59.5027|1|2024-04-27 17:45:40.963
4634000|3.5895|0|2024-04-27 17:45:46.220
4630000|1.652|0|2024-04-27 17:45:46.220
4629000|3.56|0|2024-04-27 17:45:46.220
4628000|0.8922|0|2024-04-27 17:45:46.220
4627000|9.3455|0|2024-04-27 17:45:46.220
4640000|10.0568|1|2024-04-27 17:45:46.220
4642000|19|1|2024-04-27 17:45:46.220
4643000|4|1|2024-04-27 17:45:46.220
4644000|4.4301|1|2024-04-27 17:45:46.220
4645000|5.2422|1|2024-04-27 17:45:46.220
4635000|0.0182|0|2024-04-27 17:45:51.466
4634000|2.3483|0|2024-04-27 17:45:51.466
4633000|0.6547|0|2024-04-27 17:45:51.466
4630000|1.652|0|2024-04-27 17:45:51.466
4629000|5.1563|0|2024-04-27 17:45:51.466
4640000|25.0568|1|2024-04-27 17:45:51.466
4641000|4|1|2024-04-27 17:45:51.466
4642000|4.4193|1|2024-04-27 17:45:51.466
4643000|4|1|2024-04-27 17:45:51.466
4644000|50.1688|1|2024-04-27 17:45:51.466
4636000|0.0397|0|2024-04-27 17:45:56.709
4635000|0.0182|0|2024-04-27 17:45:56.709
4634000|0.0011|0|2024-04-27 17:45:56.709
4630000|2.0745|0|2024-04-27 17:45:56.709
4627000|4.0155|0|2024-04-27 17:45:56.709
4639000|4|1|2024-04-27 17:45:56.709
4640000|29.4782|1|2024-04-27 17:45:56.709
4641000|4.1241|1|2024-04-27 17:45:56.709
4642000|4.4193|1|2024-04-27 17:45:56.709
4643000|4|1|2024-04-27 17:45:56.709
4636000|2.5126|0|2024-04-27 17:46:01.937
4634000|0.0011|0|2024-04-27 17:46:01.937
4633000|0.1021|0|2024-04-27 17:46:01.937
4631000|1.6408|0|2024-04-27 17:46:01.937
4630000|0.4337|0|2024-04-27 17:46:01.937
4638000|0.0021|1|2024-04-27 17:46:01.937
4640000|10.0568|1|2024-04-27 17:46:01.937
4642000|4.4193|1|2024-04-27 17:46:01.937
4643000|4|1|2024-04-27 17:46:01.937
4644000|50.6976|1|2024-04-27 17:46:01.937
4638000|2.5093|0|2024-04-27 17:46:07.156
4637000|1.2406|0|2024-04-27 17:46:07.156
4635000|1.6408|0|2024-04-27 17:46:07.156
4634000|4.0844|0|2024-04-27 17:46:07.156
4632000|0.451|0|2024-04-27 17:46:07.156
4643000|15|1|2024-04-27 17:46:07.156
4644000|4|1|2024-04-27 17:46:07.156
4645000|4.001|1|2024-04-27 17:46:07.156
4646000|59.5211|1|2024-04-27 17:46:07.156
4648000|0.4377|1|2024-04-27 17:46:07.156
4638000|2.5093|0|2024-04-27 17:46:12.387
4635000|1.6408|0|2024-04-27 17:46:12.387
4634000|4.0844|0|2024-04-27 17:46:12.387
4632000|0.9533|0|2024-04-27 17:46:12.387
4631000|3.56|0|2024-04-27 17:46:12.387
4644000|19|1|2024-04-27 17:46:12.387
4645000|4.001|1|2024-04-27 17:46:12.387
4646000|59.5173|1|2024-04-27 17:46:12.387
4647000|4|1|2024-04-27 17:46:12.387
4648000|0.4377|1|2024-04-27 17:46:12.387
4639000|1.24|0|2024-04-27 17:46:17.614
4638000|2.8192|0|2024-04-27 17:46:17.614
4637000|0.1021|0|2024-04-27 17:46:17.614
4635000|1.6408|0|2024-04-27 17:46:17.614
4634000|7.9987|0|2024-04-27 17:46:17.614
4645000|15.001|1|2024-04-27 17:46:17.614
4646000|4.0021|1|2024-04-27 17:46:17.614
4647000|4|1|2024-04-27 17:46:17.614
4648000|59.0776|1|2024-04-27 17:46:17.614
4650000|16.8655|1|2024-04-27 17:46:17.614
4640000|2.8203|0|2024-04-27 17:46:22.861
4639000|0.1021|0|2024-04-27 17:46:22.861
4638000|1.6408|0|2024-04-27 17:46:22.861
4637000|1.3179|0|2024-04-27 17:46:22.861
4636000|0.9006|0|2024-04-27 17:46:22.861
4645000|0.001|1|2024-04-27 17:46:22.861
4646000|0.0021|1|2024-04-27 17:46:22.861
4647000|19|1|2024-04-27 17:46:22.861
4648000|4.002|1|2024-04-27 17:46:22.861
4649000|4|1|2024-04-27 17:46:22.861
4642000|2.5387|0|2024-04-27 17:46:28.174
4641000|1.2395|0|2024-04-27 17:46:28.174
4640000|0.3098|0|2024-04-27 17:46:28.174
4639000|1.7429|0|2024-04-27 17:46:28.174
4638000|3.9786|0|2024-04-27 17:46:28.174
4645000|0.001|1|2024-04-27 17:46:28.174
4646000|0.0021|1|2024-04-27 17:46:28.174
4648000|4.002|1|2024-04-27 17:46:28.174
4649000|19|1|2024-04-27 17:46:28.174
4650000|73.4703|1|2024-04-27 17:46:28.174
4643000|2.5855|0|2024-04-27 17:46:33.416
4641000|1.3416|0|2024-04-27 17:46:33.416
4639000|1.6408|0|2024-04-27 17:46:33.416
4638000|3.9919|0|2024-04-27 17:46:33.416
4636000|0.4489|0|2024-04-27 17:46:33.416
4646000|0.0021|1|2024-04-27 17:46:33.416
4648000|19.002|1|2024-04-27 17:46:33.416
4649000|4|1|2024-04-27 17:46:33.416
4650000|18.3947|1|2024-04-27 17:46:33.416
4651000|4.3504|1|2024-04-27 17:46:33.416
4643000|2.5855|0|2024-04-27 17:46:38.672
4641000|0.1021|0|2024-04-27 17:46:38.672
4639000|1.6408|0|2024-04-27 17:46:38.672
4638000|0.4319|0|2024-04-27 17:46:38.672
4637000|3.56|0|2024-04-27 17:46:38.672
4646000|0.01|1|2024-04-27 17:46:38.672
4647000|4|1|2024-04-27 17:46:38.672
4648000|19.002|1|2024-04-27 17:46:38.672
4649000|4.4347|1|2024-04-27 17:46:38.672
4650000|18.3947|1|2024-04-27 17:46:38.672
4643000|2.5855|0|2024-04-27 17:46:43.908
4641000|0.1021|0|2024-04-27 17:46:43.908
4639000|1.6408|0|2024-04-27 17:46:43.908
4638000|0.4319|0|2024-04-27 17:46:43.908
4637000|4.896|0|2024-04-27 17:46:43.908
4646000|0.01|1|2024-04-27 17:46:43.908
4647000|19|1|2024-04-27 17:46:43.908
4648000|4.002|1|2024-04-27 17:46:43.908
4649000|4|1|2024-04-27 17:46:43.908
4650000|89.8075|1|2024-04-27 17:46:43.908
4643000|2.5855|0|2024-04-27 17:46:49.166
4641000|0.1021|0|2024-04-27 17:46:49.166
4640000|1.2396|0|2024-04-27 17:46:49.166
4639000|1.6408|0|2024-04-27 17:46:49.166
4638000|0.4319|0|2024-04-27 17:46:49.166
4646000|0.0088|1|2024-04-27 17:46:49.166
4647000|19|1|2024-04-27 17:46:49.166
4648000|4.002|1|2024-04-27 17:46:49.166
4649000|4|1|2024-04-27 17:46:49.166
4650000|88.9965|1|2024-04-27 17:46:49.166
4643000|2.5855|0|2024-04-27 17:46:54.471
4641000|0.1021|0|2024-04-27 17:46:54.471
4640000|0.3836|0|2024-04-27 17:46:54.471
4639000|1.6408|0|2024-04-27 17:46:54.471
4638000|0.4319|0|2024-04-27 17:46:54.471
4646000|10.0596|1|2024-04-27 17:46:54.471
4647000|19|1|2024-04-27 17:46:54.471
4648000|4.002|1|2024-04-27 17:46:54.471
4649000|4|1|2024-04-27 17:46:54.471
4650000|88.9965|1|2024-04-27 17:46:54.471
4644000|2.5849|0|2024-04-27 17:46:59.799
4641000|1.3416|0|2024-04-27 17:46:59.799
4640000|0.3836|0|2024-04-27 17:46:59.799
4639000|1.6408|0|2024-04-27 17:46:59.799
4638000|0.4319|0|2024-04-27 17:46:59.799
4646000|10.0548|1|2024-04-27 17:46:59.799
4647000|19|1|2024-04-27 17:46:59.799
4648000|4.002|1|2024-04-27 17:46:59.799
4649000|4|1|2024-04-27 17:46:59.799
4650000|18.8332|1|2024-04-27 17:46:59.799
4642000|2.586|0|2024-04-27 17:47:05.048
4641000|1.3414|0|2024-04-27 17:47:05.048
4640000|0.3836|0|2024-04-27 17:47:05.048
4639000|1.6408|0|2024-04-27 17:47:05.048
4638000|0.8613|0|2024-04-27 17:47:05.048
4646000|10.0578|1|2024-04-27 17:47:05.048
4647000|4|1|2024-04-27 17:47:05.048
4648000|4.002|1|2024-04-27 17:47:05.048
4649000|19|1|2024-04-27 17:47:05.048
4650000|18.3947|1|2024-04-27 17:47:05.048
4644000|2.5878|0|2024-04-27 17:47:10.274
4643000|1.2389|0|2024-04-27 17:47:10.274
4642000|0.4211|0|2024-04-27 17:47:10.274
4641000|1.7429|0|2024-04-27 17:47:10.274
4640000|0.3836|0|2024-04-27 17:47:10.274
4646000|10.0578|1|2024-04-27 17:47:10.274
4647000|0.003|1|2024-04-27 17:47:10.274
4648000|4.002|1|2024-04-27 17:47:10.274
4649000|19|1|2024-04-27 17:47:10.274
4650000|18.3947|1|2024-04-27 17:47:10.274
4644000|2.5867|0|2024-04-27 17:47:15.538
4642000|0.4211|0|2024-04-27 17:47:15.538
4641000|0.1021|0|2024-04-27 17:47:15.538
4640000|0.3836|0|2024-04-27 17:47:15.538
4638000|1.6429|0|2024-04-27 17:47:15.538
4646000|10.0578|1|2024-04-27 17:47:15.538
4647000|0.003|1|2024-04-27 17:47:15.538
4648000|4.005|1|2024-04-27 17:47:15.538
4649000|19|1|2024-04-27 17:47:15.538
4650000|19.8332|1|2024-04-27 17:47:15.538
4644000|2.5867|0|2024-04-27 17:47:20.767
4642000|0.4211|0|2024-04-27 17:47:20.767
4641000|2.5071|0|2024-04-27 17:47:20.767
4640000|0.3836|0|2024-04-27 17:47:20.767
4638000|1.6429|0|2024-04-27 17:47:20.767
4646000|13.0578|1|2024-04-27 17:47:20.767
4647000|4.003|1|2024-04-27 17:47:20.767
4648000|4.005|1|2024-04-27 17:47:20.767
4649000|4.003|1|2024-04-27 17:47:20.767
4650000|19.8332|1|2024-04-27 17:47:20.767
4645000|11.6573|0|2024-04-27 17:47:25.997
4644000|0.4333|0|2024-04-27 17:47:25.997
4643000|1.239|0|2024-04-27 17:47:25.997
4641000|3.6621|0|2024-04-27 17:47:25.997
4640000|0.3836|0|2024-04-27 17:47:25.997
4646000|10.0578|1|2024-04-27 17:47:25.997
4647000|0.003|1|2024-04-27 17:47:25.997
4648000|4.005|1|2024-04-27 17:47:25.997
4649000|19.003|1|2024-04-27 17:47:25.997
4650000|19.3977|1|2024-04-27 17:47:25.997
4645000|10.4226|0|2024-04-27 17:47:31.241
4644000|0.4333|0|2024-04-27 17:47:31.241
4643000|0.4427|0|2024-04-27 17:47:31.241
4642000|0.5204|0|2024-04-27 17:47:31.241
4641000|3.56|0|2024-04-27 17:47:31.241
4646000|6.7262|1|2024-04-27 17:47:31.241
4647000|0.003|1|2024-04-27 17:47:31.241
4648000|0.005|1|2024-04-27 17:47:31.241
4649000|0.003|1|2024-04-27 17:47:31.241
4650000|15.3977|1|2024-04-27 17:47:31.241
4647000|0.4273|0|2024-04-27 17:47:36.470
4646000|0.0111|0|2024-04-27 17:47:36.470
4645000|9.4937|0|2024-04-27 17:47:36.470
4643000|4.0027|0|2024-04-27 17:47:36.470
4642000|2.2617|0|2024-04-27 17:47:36.470
4649000|0.0293|1|2024-04-27 17:47:36.470
4650000|15.3977|1|2024-04-27 17:47:36.470
4651000|0.2295|1|2024-04-27 17:47:36.470
4652000|18.2044|1|2024-04-27 17:47:36.470
4653000|4.0264|1|2024-04-27 17:47:36.470
4648000|0.1014|0|2024-04-27 17:47:41.701
4647000|0.4273|0|2024-04-27 17:47:41.701
4646000|2.6527|0|2024-04-27 17:47:41.701
4645000|9.4937|0|2024-04-27 17:47:41.701
4643000|3.56|0|2024-04-27 17:47:41.701
4650000|15.3654|1|2024-04-27 17:47:41.701
4651000|0.2295|1|2024-04-27 17:47:41.701
4652000|19.2044|1|2024-04-27 17:47:41.701
4653000|4.7169|1|2024-04-27 17:47:41.701
4654000|4.005|1|2024-04-27 17:47:41.701
4648000|0.5085|0|2024-04-27 17:47:46.925
4647000|3.3239|0|2024-04-27 17:47:46.925
4646000|4.5857|0|2024-04-27 17:47:46.925
4645000|9.4937|0|2024-04-27 17:47:46.925
4643000|3.56|0|2024-04-27 17:47:46.925
4650000|15.3177|1|2024-04-27 17:47:46.925
4651000|0.2295|1|2024-04-27 17:47:46.925
4652000|19.0304|1|2024-04-27 17:47:46.925
4653000|4.7169|1|2024-04-27 17:47:46.925
4654000|4.005|1|2024-04-27 17:47:46.925
4649000|0.1392|0|2024-04-27 17:47:52.152
4648000|0.0127|0|2024-04-27 17:47:52.152
4647000|3.3232|0|2024-04-27 17:47:52.152
4646000|1.933|0|2024-04-27 17:47:52.152
4645000|10.1484|0|2024-04-27 17:47:52.152
4650000|13.2024|1|2024-04-27 17:47:52.152
4651000|0.2295|1|2024-04-27 17:47:52.152
4652000|15.0304|1|2024-04-27 17:47:52.152
4653000|4.819|1|2024-04-27 17:47:52.152
4654000|4.005|1|2024-04-27 17:47:52.152
4648000|1.2482|0|2024-04-27 17:47:57.383
4647000|2.0838|0|2024-04-27 17:47:57.383
4646000|1.933|0|2024-04-27 17:47:57.383
4645000|9.4937|0|2024-04-27 17:47:57.383
4643000|0.4447|0|2024-04-27 17:47:57.383
4650000|12.9508|1|2024-04-27 17:47:57.383
4651000|0.2295|1|2024-04-27 17:47:57.383
4652000|0.0304|1|2024-04-27 17:47:57.383
4653000|0.1285|1|2024-04-27 17:47:57.383
4654000|19.005|1|2024-04-27 17:47:57.383
4648000|0.4376|0|2024-04-27 17:48:02.660
4647000|0.4273|0|2024-04-27 17:48:02.660
4646000|1.6565|0|2024-04-27 17:48:02.660
4645000|9.4937|0|2024-04-27 17:48:02.660
4643000|0.4447|0|2024-04-27 17:48:02.660
4650000|9.5815|1|2024-04-27 17:48:02.660
4651000|0.2295|1|2024-04-27 17:48:02.660
4652000|0.0304|1|2024-04-27 17:48:02.660
4653000|0.819|1|2024-04-27 17:48:02.660
4654000|19.005|1|2024-04-27 17:48:02.660
4649000|1.6708|0|2024-04-27 17:48:07.892
4648000|0.4376|0|2024-04-27 17:48:07.892
4647000|1.169|0|2024-04-27 17:48:07.892
4646000|1.6565|0|2024-04-27 17:48:07.892
4645000|9.9228|0|2024-04-27 17:48:07.892
4650000|6.1104|1|2024-04-27 17:48:07.892
4651000|0.2295|1|2024-04-27 17:48:07.892
4652000|0.0304|1|2024-04-27 17:48:07.892
4653000|0.1285|1|2024-04-27 17:48:07.892
4654000|15.005|1|2024-04-27 17:48:07.892
4649000|1.9798|0|2024-04-27 17:48:13.136
4648000|2.0409|0|2024-04-27 17:48:13.136
4647000|0.442|0|2024-04-27 17:48:13.136
4646000|1.6799|0|2024-04-27 17:48:13.136
4645000|9.6134|0|2024-04-27 17:48:13.136
4650000|1.4291|1|2024-04-27 17:48:13.136
4651000|0.2295|1|2024-04-27 17:48:13.136
4652000|0.0304|1|2024-04-27 17:48:13.136
4653000|0.0264|1|2024-04-27 17:48:13.136
4654000|0.005|1|2024-04-27 17:48:13.136
4650000|0.8387|0|2024-04-27 17:48:18.386
4648000|0.3583|0|2024-04-27 17:48:18.386
4646000|1.6891|0|2024-04-27 17:48:18.386
4645000|9.6134|0|2024-04-27 17:48:18.386
4642000|2.729|0|2024-04-27 17:48:18.386
4651000|0.189|1|2024-04-27 17:48:18.386
4652000|0.0324|1|2024-04-27 17:48:18.386
4653000|0.0264|1|2024-04-27 17:48:18.386
4654000|15.1071|1|2024-04-27 17:48:18.386
4655000|0.1624|1|2024-04-27 17:48:18.386
4650000|0.8032|0|2024-04-27 17:48:23.624
4648000|0.3583|0|2024-04-27 17:48:23.624
4646000|1.6891|0|2024-04-27 17:48:23.624
4645000|9.6134|0|2024-04-27 17:48:23.624
4642000|2.729|0|2024-04-27 17:48:23.624
4651000|0.1261|1|2024-04-27 17:48:23.624
4652000|0.0324|1|2024-04-27 17:48:23.624
4653000|0.0284|1|2024-04-27 17:48:23.624
4654000|15.1071|1|2024-04-27 17:48:23.624
4655000|0.1624|1|2024-04-27 17:48:23.624
4650000|0.7218|0|2024-04-27 17:48:28.848
4649000|1.0846|0|2024-04-27 17:48:28.848
4648000|0.3583|0|2024-04-27 17:48:28.848
4646000|1.0846|0|2024-04-27 17:48:28.848
4645000|9.1843|0|2024-04-27 17:48:28.848
4651000|15.0831|1|2024-04-27 17:48:28.848
4652000|0.0324|1|2024-04-27 17:48:28.848
4653000|0.0613|1|2024-04-27 17:48:28.848
4654000|4.1071|1|2024-04-27 17:48:28.848
4655000|4.5956|1|2024-04-27 17:48:28.848
4645000|9.1843|0|2024-04-27 17:48:34.080
4643000|0.0109|0|2024-04-27 17:48:34.080
4642000|1.8434|0|2024-04-27 17:48:34.080
4640000|0.3836|0|2024-04-27 17:48:34.080
4634000|0.42|0|2024-04-27 17:48:34.080
4647000|23.1136|1|2024-04-27 17:48:34.080
4649000|4.7488|1|2024-04-27 17:48:34.080
4650000|11.8247|1|2024-04-27 17:48:34.080
4651000|0.532|1|2024-04-27 17:48:34.080
4652000|4.0324|1|2024-04-27 17:48:34.080
4647000|0.0793|0|2024-04-27 17:48:39.314
4645000|9.2482|0|2024-04-27 17:48:39.314
4643000|0.0109|0|2024-04-27 17:48:39.314
4642000|1.9455|0|2024-04-27 17:48:39.314
4640000|0.3836|0|2024-04-27 17:48:39.314
4649000|19|1|2024-04-27 17:48:39.314
4650000|8|1|2024-04-27 17:48:39.314
4651000|0.532|1|2024-04-27 17:48:39.314
4652000|4.0324|1|2024-04-27 17:48:39.314
4653000|0.4775|1|2024-04-27 17:48:39.314
4647000|0.0793|0|2024-04-27 17:48:44.680
4645000|9.2482|0|2024-04-27 17:48:44.680
4644000|0.1021|0|2024-04-27 17:48:44.680
4643000|0.0109|0|2024-04-27 17:48:44.680
4642000|2.9287|0|2024-04-27 17:48:44.680
4649000|0.002|1|2024-04-27 17:48:44.680
4651000|0.532|1|2024-04-27 17:48:44.680
4652000|19.0324|1|2024-04-27 17:48:44.680
4653000|4.4775|1|2024-04-27 17:48:44.680
4654000|1.005|1|2024-04-27 17:48:44.680
4647000|1.3269|0|2024-04-27 17:48:49.917
4646000|0.1021|0|2024-04-27 17:48:49.917
4645000|9.2482|0|2024-04-27 17:48:49.917
4643000|0.4322|0|2024-04-27 17:48:49.917
4642000|1.8434|0|2024-04-27 17:48:49.917
4652000|0.0051|1|2024-04-27 17:48:49.917
4653000|0.0613|1|2024-04-27 17:48:49.917
4654000|19.005|1|2024-04-27 17:48:49.917
4655000|4.1644|1|2024-04-27 17:48:49.917
4656000|4.7008|1|2024-04-27 17:48:49.917
4648000|1.2373|0|2024-04-27 17:48:55.156
4647000|0.0893|0|2024-04-27 17:48:55.156
4646000|1.772|0|2024-04-27 17:48:55.156
4645000|9.2482|0|2024-04-27 17:48:55.156
4643000|0.4322|0|2024-04-27 17:48:55.156
4652000|0.0051|1|2024-04-27 17:48:55.156
4653000|0.0613|1|2024-04-27 17:48:55.156
4654000|19.005|1|2024-04-27 17:48:55.156
4655000|4.1644|1|2024-04-27 17:48:55.156
4656000|4.7008|1|2024-04-27 17:48:55.156
4650000|0.1414|0|2024-04-27 17:49:00.385
4647000|1.782|0|2024-04-27 17:49:00.385
4646000|1.932|0|2024-04-27 17:49:00.385
4645000|9.2482|0|2024-04-27 17:49:00.385
4644000|1.3897|0|2024-04-27 17:49:00.385
4652000|0.0051|1|2024-04-27 17:49:00.385
4653000|0.0613|1|2024-04-27 17:49:00.385
4654000|0.005|1|2024-04-27 17:49:00.385
4655000|0.1644|1|2024-04-27 17:49:00.385
4656000|19.7518|1|2024-04-27 17:49:00.385
4652000|0.4263|0|2024-04-27 17:49:05.627
4650000|1.0743|0|2024-04-27 17:49:05.627
4649000|0.1021|0|2024-04-27 17:49:05.627
4647000|1.6799|0|2024-04-27 17:49:05.627
4646000|1.932|0|2024-04-27 17:49:05.627
4653000|0.0613|1|2024-04-27 17:49:05.627
4654000|0.007|1|2024-04-27 17:49:05.627
4655000|0.1644|1|2024-04-27 17:49:05.627
4656000|19.7518|1|2024-04-27 17:49:05.627
4657000|4.4482|1|2024-04-27 17:49:05.627
4653000|0.3508|0|2024-04-27 17:49:10.859
4652000|0.4263|0|2024-04-27 17:49:10.859
4650000|2.1486|0|2024-04-27 17:49:10.859
4649000|0.1021|0|2024-04-27 17:49:10.859
4647000|1.6799|0|2024-04-27 17:49:10.859
4654000|0.007|1|2024-04-27 17:49:10.859
4655000|0.1644|1|2024-04-27 17:49:10.859
4656000|18.7518|1|2024-04-27 17:49:10.859
4657000|4.4502|1|2024-04-27 17:49:10.859
4658000|10.3149|1|2024-04-27 17:49:10.859
4653000|0.3508|0|2024-04-27 17:49:16.089
4652000|0.4263|0|2024-04-27 17:49:16.089
4650000|1.0743|0|2024-04-27 17:49:16.089
4649000|0.1021|0|2024-04-27 17:49:16.089
4647000|1.6799|0|2024-04-27 17:49:16.089
4654000|0.007|1|2024-04-27 17:49:16.089
4655000|0.1644|1|2024-04-27 17:49:16.089
4656000|18.7518|1|2024-04-27 17:49:16.089
4657000|4.4502|1|2024-04-27 17:49:16.089
4658000|10.3149|1|2024-04-27 17:49:16.089
4653000|0.3508|0|2024-04-27 17:49:21.311
4652000|0.4263|0|2024-04-27 17:49:21.311
4650000|1.0743|0|2024-04-27 17:49:21.311
4649000|1.1764|0|2024-04-27 17:49:21.311
4647000|1.6799|0|2024-04-27 17:49:21.311
4654000|0.007|1|2024-04-27 17:49:21.311
4655000|0.1644|1|2024-04-27 17:49:21.311
4656000|18.7518|1|2024-04-27 17:49:21.311
4657000|4.4502|1|2024-04-27 17:49:21.311
4658000|10.3149|1|2024-04-27 17:49:21.311
4653000|0.3508|0|2024-04-27 17:49:26.545
4652000|0.4263|0|2024-04-27 17:49:26.545
4650000|2.1486|0|2024-04-27 17:49:26.545
4649000|0.1021|0|2024-04-27 17:49:26.545
4647000|1.6799|0|2024-04-27 17:49:26.545
4654000|0.007|1|2024-04-27 17:49:26.545
4655000|0.1644|1|2024-04-27 17:49:26.545
4656000|3.7518|1|2024-04-27 17:49:26.545
4657000|4.4502|1|2024-04-27 17:49:26.545
4658000|25.3149|1|2024-04-27 17:49:26.545
4656000|0.0398|0|2024-04-27 17:49:31.780
4654000|9.1665|0|2024-04-27 17:49:31.780
4653000|1.3152|0|2024-04-27 17:49:31.780
4652000|0.4263|0|2024-04-27 17:49:31.780
4649000|0.4406|0|2024-04-27 17:49:31.780
4657000|0.011|1|2024-04-27 17:49:31.780
4658000|6.3149|1|2024-04-27 17:49:31.780
4659000|0.1521|1|2024-04-27 17:49:31.780
4660000|19.394|1|2024-04-27 17:49:31.780
4661000|4.009|1|2024-04-27 17:49:31.780
4654000|9.1951|0|2024-04-27 17:49:37.018
4653000|0.0792|0|2024-04-27 17:49:37.018
4652000|0.4263|0|2024-04-27 17:49:37.018
4647000|1.2408|0|2024-04-27 17:49:37.018
4646000|0.4221|0|2024-04-27 17:49:37.018
4657000|19.011|1|2024-04-27 17:49:37.018
4658000|10.3149|1|2024-04-27 17:49:37.018
4659000|4.1521|1|2024-04-27 17:49:37.018
4660000|5.5101|1|2024-04-27 17:49:37.018
4661000|5.905|1|2024-04-27 17:49:37.018
4648000|0.0476|0|2024-04-27 17:49:42.236
4647000|0.01|0|2024-04-27 17:49:42.236
4646000|0.1021|0|2024-04-27 17:49:42.236
4645000|3.0639|0|2024-04-27 17:49:42.236
4643000|2.6801|0|2024-04-27 17:49:42.236
4653000|15.5979|1|2024-04-27 17:49:42.236
4655000|0.4454|1|2024-04-27 17:49:42.236
4656000|4.4399|1|2024-04-27 17:49:42.236
4657000|5.2489|1|2024-04-27 17:49:42.236
4658000|7.3149|1|2024-04-27 17:49:42.236
4648000|0.0791|0|2024-04-27 17:49:47.470
4647000|0.01|0|2024-04-27 17:49:47.470
4646000|0.1021|0|2024-04-27 17:49:47.470
4645000|3.0639|0|2024-04-27 17:49:47.470
4644000|1.6801|0|2024-04-27 17:49:47.470
4654000|4.4468|1|2024-04-27 17:49:47.470
4655000|15.4454|1|2024-04-27 17:49:47.470
4656000|109.1504|1|2024-04-27 17:49:47.470
4657000|5.1981|1|2024-04-27 17:49:47.470
4658000|7.3149|1|2024-04-27 17:49:47.470
4647000|0.01|0|2024-04-27 17:49:54.219
4646000|0.0476|0|2024-04-27 17:49:54.219
4645000|0.0639|0|2024-04-27 17:49:54.219
4643000|4.6801|0|2024-04-27 17:49:54.219
4642000|4.8434|0|2024-04-27 17:49:54.219
4651000|3.4204|1|2024-04-27 17:49:54.219
4652000|19.428|1|2024-04-27 17:49:54.219
4653000|3|1|2024-04-27 17:49:54.219
4654000|4.797|1|2024-04-27 17:49:54.219
4656000|104.5077|1|2024-04-27 17:49:54.219
4647000|0.01|0|2024-04-27 17:49:59.514
4646000|0.1714|0|2024-04-27 17:49:59.514
4645000|0.166|0|2024-04-27 17:49:59.514
4644000|1.0762|0|2024-04-27 17:49:59.514
4643000|4.6801|0|2024-04-27 17:49:59.514
4652000|19.431|1|2024-04-27 17:49:59.514
4653000|3|1|2024-04-27 17:49:59.514
4654000|4.9208|1|2024-04-27 17:49:59.514
4655000|1.9833|1|2024-04-27 17:49:59.514
4656000|104.5077|1|2024-04-27 17:49:59.514
4650000|0.0476|0|2024-04-27 17:50:04.770
4647000|3.1121|0|2024-04-27 17:50:04.770
4646000|4.6801|0|2024-04-27 17:50:04.770
4645000|4.5125|0|2024-04-27 17:50:04.770
4644000|4|0|2024-04-27 17:50:04.770
4652000|0.003|1|2024-04-27 17:50:04.770
4653000|0.003|1|2024-04-27 17:50:04.770
4654000|0.0408|1|2024-04-27 17:50:04.770
4655000|18|1|2024-04-27 17:50:04.770
4656000|4|1|2024-04-27 17:50:04.770
4650000|1.2367|0|2024-04-27 17:50:10.010
4649000|0.1021|0|2024-04-27 17:50:10.010
4648000|4.6801|0|2024-04-27 17:50:10.010
4647000|3.01|0|2024-04-27 17:50:10.010
4646000|4.4193|0|2024-04-27 17:50:10.010
4654000|0.0438|1|2024-04-27 17:50:10.010
4656000|3|1|2024-04-27 17:50:10.010
4657000|19.011|1|2024-04-27 17:50:10.010
4658000|10.3149|1|2024-04-27 17:50:10.010
4659000|4.1521|1|2024-04-27 17:50:10.010
4650000|0.207|0|2024-04-27 17:50:15.244
4649000|3.1021|0|2024-04-27 17:50:15.244
4648000|5.1175|0|2024-04-27 17:50:15.244
4647000|4.01|0|2024-04-27 17:50:15.244
4646000|4.9793|0|2024-04-27 17:50:15.244
4654000|0.0246|1|2024-04-27 17:50:15.244
4656000|0.003|1|2024-04-27 17:50:15.244
4657000|0.011|1|2024-04-27 17:50:15.244
4658000|10.3149|1|2024-04-27 17:50:15.244
4659000|19.1521|1|2024-04-27 17:50:15.244
4654000|0.01|0|2024-04-27 17:50:20.500
4650000|4.0286|0|2024-04-27 17:50:20.500
4648000|1|0|2024-04-27 17:50:20.500
4647000|1.01|0|2024-04-27 17:50:20.500
4646000|1.4193|0|2024-04-27 17:50:20.500
4656000|0.003|1|2024-04-27 17:50:20.500
4657000|0.011|1|2024-04-27 17:50:20.500
4658000|9.417|1|2024-04-27 17:50:20.500
4659000|19.1521|1|2024-04-27 17:50:20.500
4660000|5.0845|1|2024-04-27 17:50:20.500
4657000|2.989|0|2024-04-27 17:50:25.733
4656000|1.2348|0|2024-04-27 17:50:25.733
4654000|1.0216|0|2024-04-27 17:50:25.733
4653000|1.4395|0|2024-04-27 17:50:25.733
4652000|2.6931|0|2024-04-27 17:50:25.733
4658000|6.3149|1|2024-04-27 17:50:25.733
4659000|0.1521|1|2024-04-27 17:50:25.733
4660000|0.394|1|2024-04-27 17:50:25.733
4661000|0.1111|1|2024-04-27 17:50:25.733
4662000|0.007|1|2024-04-27 17:50:25.733
4658000|2.1688|0|2024-04-27 17:50:31.063
4657000|0.4447|0|2024-04-27 17:50:31.063
4656000|0.1125|0|2024-04-27 17:50:31.063
4655000|4.1781|0|2024-04-27 17:50:31.063
4654000|1.0601|0|2024-04-27 17:50:31.063
4659000|0.1444|1|2024-04-27 17:50:31.063
4660000|0.394|1|2024-04-27 17:50:31.063
4661000|0.009|1|2024-04-27 17:50:31.063
4662000|0.007|1|2024-04-27 17:50:31.063
4663000|0.007|1|2024-04-27 17:50:31.063
4659000|0.3877|0|2024-04-27 17:50:36.285
4658000|2.072|0|2024-04-27 17:50:36.285
4656000|0.1125|0|2024-04-27 17:50:36.285
4655000|2.7434|0|2024-04-27 17:50:36.285
4654000|1.0601|0|2024-04-27 17:50:36.285
4660000|0.3725|1|2024-04-27 17:50:36.285
4661000|0.009|1|2024-04-27 17:50:36.285
4662000|0.007|1|2024-04-27 17:50:36.285
4663000|15.007|1|2024-04-27 17:50:36.285
4664000|1.0171|1|2024-04-27 17:50:36.285
4659000|0.3739|0|2024-04-27 17:50:41.517
4656000|3.2783|0|2024-04-27 17:50:41.517
4655000|2.4615|0|2024-04-27 17:50:41.517
4654000|1.0601|0|2024-04-27 17:50:41.517
4653000|1.4454|0|2024-04-27 17:50:41.517
4660000|0.3237|1|2024-04-27 17:50:41.517
4661000|0.009|1|2024-04-27 17:50:41.517
4662000|0.007|1|2024-04-27 17:50:41.517
4663000|0.007|1|2024-04-27 17:50:41.517
4664000|0.3266|1|2024-04-27 17:50:41.517
4659000|1.2359|0|2024-04-27 17:50:46.862
4657000|3.154|0|2024-04-27 17:50:46.862
4656000|1.1325|0|2024-04-27 17:50:46.862
4655000|1.4399|0|2024-04-27 17:50:46.862
4654000|2.1042|0|2024-04-27 17:50:46.862
4664000|0.3242|1|2024-04-27 17:50:46.862
4665000|16.1251|1|2024-04-27 17:50:46.862
4666000|0.6142|1|2024-04-27 17:50:46.862
4667000|3.6985|1|2024-04-27 17:50:46.862
4668000|4.5344|1|2024-04-27 17:50:46.862
4659000|0.1256|0|2024-04-27 17:50:52.102
4658000|0.0021|0|2024-04-27 17:50:52.102
4656000|0.3006|0|2024-04-27 17:50:52.102
4654000|1.7396|0|2024-04-27 17:50:52.102
4653000|1.4623|0|2024-04-27 17:50:52.102
4660000|0.0012|1|2024-04-27 17:50:52.102
4662000|0.0858|1|2024-04-27 17:50:52.102
4663000|15.451|1|2024-04-27 17:50:52.102
4664000|4.3135|1|2024-04-27 17:50:52.102
4665000|5.4611|1|2024-04-27 17:50:52.102
4660000|3.1739|0|2024-04-27 17:50:57.338
4659000|1.2385|0|2024-04-27 17:50:57.338
4658000|0.1042|0|2024-04-27 17:50:57.338
4657000|0.0021|0|2024-04-27 17:50:57.338
4656000|0.0651|0|2024-04-27 17:50:57.338
4662000|0.0353|1|2024-04-27 17:50:57.338
4663000|1.001|1|2024-04-27 17:50:57.338
4664000|15.3135|1|2024-04-27 17:50:57.338
4665000|4.023|1|2024-04-27 17:50:57.338
4666000|5.0534|1|2024-04-27 17:50:57.338
4660000|3.1727|0|2024-04-27 17:51:02.570
4659000|0.0042|0|2024-04-27 17:51:02.570
4658000|0.0021|0|2024-04-27 17:51:02.570
4657000|0.1042|0|2024-04-27 17:51:02.570
4656000|1.7446|0|2024-04-27 17:51:02.570
4663000|1.001|1|2024-04-27 17:51:02.570
4664000|0.3135|1|2024-04-27 17:51:02.570
4665000|19.023|1|2024-04-27 17:51:02.570
4666000|4.6142|1|2024-04-27 17:51:02.570
4667000|4.7111|1|2024-04-27 17:51:02.570
4660000|3.4727|0|2024-04-27 17:51:07.799
4659000|1.2385|0|2024-04-27 17:51:07.799
4658000|0.0021|0|2024-04-27 17:51:07.799
4657000|0.1042|0|2024-04-27 17:51:07.799
4656000|1.7446|0|2024-04-27 17:51:07.799
4663000|1.001|1|2024-04-27 17:51:07.799
4664000|0.3135|1|2024-04-27 17:51:07.799
4665000|19.023|1|2024-04-27 17:51:07.799
4666000|4.6142|1|2024-04-27 17:51:07.799
4667000|4.7111|1|2024-04-27 17:51:07.799
4660000|3.4546|0|2024-04-27 17:51:13.034
4659000|0.0042|0|2024-04-27 17:51:13.034
4658000|0.0021|0|2024-04-27 17:51:13.034
4657000|0.1042|0|2024-04-27 17:51:13.034
4656000|1.3001|0|2024-04-27 17:51:13.034
4662000|3|1|2024-04-27 17:51:13.034
4663000|20.001|1|2024-04-27 17:51:13.034
4664000|4.7534|1|2024-04-27 17:51:13.034
4665000|5.4719|1|2024-04-27 17:51:13.034
4666000|4.6142|1|2024-04-27 17:51:13.034
4661000|0.0024|0|2024-04-27 17:51:18.261
4659000|0.0042|0|2024-04-27 17:51:18.261
4658000|0.0021|0|2024-04-27 17:51:18.261
4657000|0.0021|0|2024-04-27 17:51:18.261
4656000|2.7613|0|2024-04-27 17:51:18.261
4663000|0.9697|1|2024-04-27 17:51:18.261
4664000|0.3135|1|2024-04-27 17:51:18.261
4665000|1.023|1|2024-04-27 17:51:18.261
4666000|18.6142|1|2024-04-27 17:51:18.261
4667000|5.1238|1|2024-04-27 17:51:18.261
4659000|1.023|0|2024-04-27 17:51:23.485
4658000|0.0021|0|2024-04-27 17:51:23.485
4657000|2.7132|0|2024-04-27 17:51:23.485
4656000|1.4973|0|2024-04-27 17:51:23.485
4655000|1.9003|0|2024-04-27 17:51:23.485
4663000|0.7889|1|2024-04-27 17:51:23.485
4664000|0.3135|1|2024-04-27 17:51:23.485
4665000|1.1251|1|2024-04-27 17:51:23.485
4666000|0.6142|1|2024-04-27 17:51:23.485
4667000|18.7031|1|2024-04-27 17:51:23.485
4659000|1.023|0|2024-04-27 17:51:28.716
4658000|0.0021|0|2024-04-27 17:51:28.716
4657000|1.7061|0|2024-04-27 17:51:28.716
4656000|2.5412|0|2024-04-27 17:51:28.716
4655000|1.9003|0|2024-04-27 17:51:28.716
4663000|0.6021|1|2024-04-27 17:51:28.716
4664000|0.3135|1|2024-04-27 17:51:28.716
4665000|1.1251|1|2024-04-27 17:51:28.716
4666000|0.6142|1|2024-04-27 17:51:28.716
4667000|19.7031|1|2024-04-27 17:51:28.716
4659000|0.473|0|2024-04-27 17:51:33.956
4658000|0.0021|0|2024-04-27 17:51:33.956
4657000|1.046|0|2024-04-27 17:51:33.956
4656000|2.7577|0|2024-04-27 17:51:33.956
4655000|1.8902|0|2024-04-27 17:51:33.956
4664000|0.0254|1|2024-04-27 17:51:33.956
4665000|16.8156|1|2024-04-27 17:51:33.956
4666000|3.6142|1|2024-04-27 17:51:33.956
4667000|4.0126|1|2024-04-27 17:51:33.956
4668000|4.5344|1|2024-04-27 17:51:33.956
4660000|1.6926|0|2024-04-27 17:51:39.205
4658000|0.0021|0|2024-04-27 17:51:39.205
4657000|0.0021|0|2024-04-27 17:51:39.205
4656000|1.0651|0|2024-04-27 17:51:39.205
4655000|1.8902|0|2024-04-27 17:51:39.205
4663000|0.0818|1|2024-04-27 17:51:39.205
4664000|0.017|1|2024-04-27 17:51:39.205
4665000|1.023|1|2024-04-27 17:51:39.205
4666000|3.6142|1|2024-04-27 17:51:39.205
4667000|19.0126|1|2024-04-27 17:51:39.205
4662000|1.023|0|2024-04-27 17:51:44.436
4659000|3.1451|0|2024-04-27 17:51:44.436
4658000|1.4308|0|2024-04-27 17:51:44.436
4657000|5.0079|0|2024-04-27 17:51:44.436
4656000|0.0651|0|2024-04-27 17:51:44.436
4665000|0.7095|1|2024-04-27 17:51:44.436
4666000|0.6142|1|2024-04-27 17:51:44.436
4667000|0.1148|1|2024-04-27 17:51:44.436
4668000|0.5344|1|2024-04-27 17:51:44.436
4669000|18.0081|1|2024-04-27 17:51:44.436
4662000|0.923|0|2024-04-27 17:51:49.668
4660000|0.0029|0|2024-04-27 17:51:49.668
4659000|0.4525|0|2024-04-27 17:51:49.668
4658000|1|0|2024-04-27 17:51:49.668
4657000|1|0|2024-04-27 17:51:49.668
4665000|0.7095|1|2024-04-27 17:51:49.668
4666000|0.6142|1|2024-04-27 17:51:49.668
4667000|0.1148|1|2024-04-27 17:51:49.668
4668000|15.5344|1|2024-04-27 17:51:49.668
4669000|3.0081|1|2024-04-27 17:51:49.668
4665000|1.0066|0|2024-04-27 17:51:54.908
4663000|1|0|2024-04-27 17:51:54.908
4662000|0.8808|0|2024-04-27 17:51:54.908
4661000|1|0|2024-04-27 17:51:54.908
4660000|1.4312|0|2024-04-27 17:51:54.908
4666000|0.4094|1|2024-04-27 17:51:54.908
4667000|0.0126|1|2024-04-27 17:51:54.908
4668000|0.5344|1|2024-04-27 17:51:54.908
4669000|0.0081|1|2024-04-27 17:51:54.908
4670000|1.7539|1|2024-04-27 17:51:54.908
4668000|1.2311|0|2024-04-27 17:52:00.134
4663000|2.6789|0|2024-04-27 17:52:00.134
4662000|1|0|2024-04-27 17:52:00.134
4661000|1.46|0|2024-04-27 17:52:00.134
4660000|0.4312|0|2024-04-27 17:52:00.134
4669000|0.5486|1|2024-04-27 17:52:00.134
4670000|1.7137|1|2024-04-27 17:52:00.134
4671000|0.1061|1|2024-04-27 17:52:00.134
4672000|15.1088|1|2024-04-27 17:52:00.134
4673000|0.0081|1|2024-04-27 17:52:00.134
4668000|1.2019|0|2024-04-27 17:52:05.368
4664000|2.1331|0|2024-04-27 17:52:05.368
4663000|1|0|2024-04-27 17:52:05.368
4662000|1|0|2024-04-27 17:52:05.368
4661000|1.4204|0|2024-04-27 17:52:05.368
4669000|0.5486|1|2024-04-27 17:52:05.368
4670000|1.7137|1|2024-04-27 17:52:05.368
4671000|0.1061|1|2024-04-27 17:52:05.368
4672000|0.1088|1|2024-04-27 17:52:05.368
4673000|15.0081|1|2024-04-27 17:52:05.368
4665000|1.0398|0|2024-04-27 17:52:10.601
4661000|1.6789|0|2024-04-27 17:52:10.601
4660000|1.4539|0|2024-04-27 17:52:10.601
4659000|1|0|2024-04-27 17:52:10.601
4658000|2.0403|0|2024-04-27 17:52:10.601
4669000|0.5486|1|2024-04-27 17:52:10.601
4670000|16.7137|1|2024-04-27 17:52:10.601
4671000|3.4561|1|2024-04-27 17:52:10.601
4672000|4.4402|1|2024-04-27 17:52:10.601
4673000|4.0081|1|2024-04-27 17:52:10.601
4666000|0.0644|0|2024-04-27 17:52:15.819
4665000|1.2325|0|2024-04-27 17:52:15.819
4662000|1.6963|0|2024-04-27 17:52:15.819
4661000|16.1232|0|2024-04-27 17:52:15.819
4660000|1.8983|0|2024-04-27 17:52:15.819
4671000|18.0061|1|2024-04-27 17:52:15.819
4672000|4.1088|1|2024-04-27 17:52:15.819
4673000|4.0081|1|2024-04-27 17:52:15.819
4674000|4.4525|1|2024-04-27 17:52:15.819
4675000|2.3228|1|2024-04-27 17:52:15.819
4664000|1.0407|0|2024-04-27 17:52:21.042
4663000|1.2321|0|2024-04-27 17:52:21.042
4661000|1.926|0|2024-04-27 17:52:21.042
4660000|1.6963|0|2024-04-27 17:52:21.042
4659000|16|0|2024-04-27 17:52:21.042
4669000|18|1|2024-04-27 17:52:21.042
4670000|4.1022|1|2024-04-27 17:52:21.042
4671000|4.4251|1|2024-04-27 17:52:21.042
4672000|4.4468|1|2024-04-27 17:52:21.042
4673000|5.802|1|2024-04-27 17:52:21.042
4665000|0.0139|0|2024-04-27 17:52:26.275
4664000|1.2326|0|2024-04-27 17:52:26.275
4662000|1.6963|0|2024-04-27 17:52:26.275
4661000|1.926|0|2024-04-27 17:52:26.275
4660000|23.0778|0|2024-04-27 17:52:26.275
4670000|3|1|2024-04-27 17:52:26.275
4671000|19.5405|1|2024-04-27 17:52:26.275
4672000|4.0066|1|2024-04-27 17:52:26.275
4673000|4.4341|1|2024-04-27 17:52:26.275
4674000|1.44|1|2024-04-27 17:52:26.275
4665000|1.0541|0|2024-04-27 17:52:31.503
4664000|1.2327|0|2024-04-27 17:52:31.503
4662000|1.7159|0|2024-04-27 17:52:31.503
4661000|1.926|0|2024-04-27 17:52:31.503
4660000|22.0778|0|2024-04-27 17:52:31.503
4670000|18.993|1|2024-04-27 17:52:31.503
4671000|4.5405|1|2024-04-27 17:52:31.503
4672000|4.0066|1|2024-04-27 17:52:31.503
4673000|5.29|1|2024-04-27 17:52:31.503
4674000|1.44|1|2024-04-27 17:52:31.503
4666000|1.2283|0|2024-04-27 17:52:36.729
4665000|1.6989|0|2024-04-27 17:52:36.729
4664000|1.0393|0|2024-04-27 17:52:36.729
4662000|15.0196|0|2024-04-27 17:52:36.729
4661000|2.926|0|2024-04-27 17:52:36.729
4671000|15.0061|1|2024-04-27 17:52:36.729
4672000|4.1088|1|2024-04-27 17:52:36.729
4673000|4.0081|1|2024-04-27 17:52:36.729
4674000|4.44|1|2024-04-27 17:52:36.729
4675000|2.3228|1|2024-04-27 17:52:36.729
4667000|0.0068|0|2024-04-27 17:52:41.968
4665000|1.2324|0|2024-04-27 17:52:41.968
4663000|1.6989|0|2024-04-27 17:52:41.968
4662000|15.0196|0|2024-04-27 17:52:41.968
4661000|2.926|0|2024-04-27 17:52:41.968
4671000|14.9539|1|2024-04-27 17:52:41.968
4672000|4.1088|1|2024-04-27 17:52:41.968
4673000|4.4591|1|2024-04-27 17:52:41.968
4674000|4.44|1|2024-04-27 17:52:41.968
4675000|2.3463|1|2024-04-27 17:52:41.968
4665000|1.0404|0|2024-04-27 17:52:47.196
4663000|0.1327|0|2024-04-27 17:52:47.196
4662000|1.7185|0|2024-04-27 17:52:47.196
4661000|16.926|0|2024-04-27 17:52:47.196
4660000|7.4322|0|2024-04-27 17:52:47.196
4671000|17.964|1|2024-04-27 17:52:47.196
4672000|4.1088|1|2024-04-27 17:52:47.196
4673000|4.4591|1|2024-04-27 17:52:47.196
4674000|4.005|1|2024-04-27 17:52:47.196
4675000|2.3463|1|2024-04-27 17:52:47.196
4665000|1.0404|0|2024-04-27 17:52:52.439
4663000|0.1327|0|2024-04-27 17:52:52.439
4662000|1.7185|0|2024-04-27 17:52:52.439
4661000|16.926|0|2024-04-27 17:52:52.439
4660000|7.4322|0|2024-04-27 17:52:52.439
4670000|3|1|2024-04-27 17:52:52.439
4671000|18.8703|1|2024-04-27 17:52:52.439
4672000|4.1088|1|2024-04-27 17:52:52.439
4673000|4.4591|1|2024-04-27 17:52:52.439
4674000|4.005|1|2024-04-27 17:52:52.439
4667000|1.6989|0|2024-04-27 17:52:57.671
4665000|1.0376|0|2024-04-27 17:52:57.671
4662000|15.0196|0|2024-04-27 17:52:57.671
4661000|3.7415|0|2024-04-27 17:52:57.671
4660000|7.4322|0|2024-04-27 17:52:57.671
4671000|0.0101|1|2024-04-27 17:52:57.671
4672000|18.0066|1|2024-04-27 17:52:57.671
4673000|4.0081|1|2024-04-27 17:52:57.671
4674000|4.005|1|2024-04-27 17:52:57.671
4675000|2.3463|1|2024-04-27 17:52:57.671
4666000|2.1191|0|2024-04-27 17:53:03.172
4665000|16.6696|0|2024-04-27 17:53:03.172
4664000|1|0|2024-04-27 17:53:03.172
4663000|1.4239|0|2024-04-27 17:53:03.172
4662000|1.4723|0|2024-04-27 17:53:03.172
4671000|0.0095|1|2024-04-27 17:53:03.172
4672000|0.0066|1|2024-04-27 17:53:03.172
4673000|0.1103|1|2024-04-27 17:53:03.172
4674000|0.005|1|2024-04-27 17:53:03.172
4675000|20.3463|1|2024-04-27 17:53:03.172
4667000|1.2314|0|2024-04-27 17:53:08.400
4666000|2.7253|0|2024-04-27 17:53:08.400
4665000|15.45|0|2024-04-27 17:53:08.400
4664000|0.4343|0|2024-04-27 17:53:08.400
4663000|1.4239|0|2024-04-27 17:53:08.400
4674000|3|1|2024-04-27 17:53:08.400
4675000|19.2547|1|2024-04-27 17:53:08.400
4676000|4.0265|1|2024-04-27 17:53:08.400
4677000|4.0085|1|2024-04-27 17:53:08.400
4678000|1.0105|1|2024-04-27 17:53:08.400
4667000|1.2298|0|2024-04-27 17:53:13.633
4666000|0.5143|0|2024-04-27 17:53:13.633
4665000|1.6884|0|2024-04-27 17:53:13.633
4664000|15.451|0|2024-04-27 17:53:13.633
4663000|1.4479|0|2024-04-27 17:53:13.633
4674000|18.002|1|2024-04-27 17:53:13.633
4675000|4.2567|1|2024-04-27 17:53:13.633
4676000|4.0265|1|2024-04-27 17:53:13.633
4677000|4.0085|1|2024-04-27 17:53:13.633
4678000|1.4514|1|2024-04-27 17:53:13.633
4667000|1.2298|0|2024-04-27 17:53:18.870
4666000|0.7282|0|2024-04-27 17:53:18.870
4665000|1.6884|0|2024-04-27 17:53:18.870
4664000|15|0|2024-04-27 17:53:18.870
4663000|1|0|2024-04-27 17:53:18.870
4673000|3|1|2024-04-27 17:53:18.870
4674000|19.002|1|2024-04-27 17:53:18.870
4675000|4.2567|1|2024-04-27 17:53:18.870
4676000|4.0265|1|2024-04-27 17:53:18.870
4677000|4.4473|1|2024-04-27 17:53:18.870
4667000|1.2309|0|2024-04-27 17:53:24.111
4665000|1.6884|0|2024-04-27 17:53:24.111
4664000|15|0|2024-04-27 17:53:24.111
4663000|1|0|2024-04-27 17:53:24.111
4662000|1.5955|0|2024-04-27 17:53:24.111
4673000|3|1|2024-04-27 17:53:24.111
4674000|19.002|1|2024-04-27 17:53:24.111
4675000|4.6809|1|2024-04-27 17:53:24.111
4676000|4.0265|1|2024-04-27 17:53:24.111
4677000|4.4473|1|2024-04-27 17:53:24.111
4667000|0.0011|0|2024-04-27 17:53:29.336
4666000|1.2324|0|2024-04-27 17:53:29.336
4663000|1.6884|0|2024-04-27 17:53:29.336
4662000|15.1428|0|2024-04-27 17:53:29.336
4661000|1|0|2024-04-27 17:53:29.336
4671000|3|1|2024-04-27 17:53:29.336
4672000|18.9704|1|2024-04-27 17:53:29.336
4673000|4.5219|1|2024-04-27 17:53:29.336
4674000|4.002|1|2024-04-27 17:53:29.336
4675000|4.5787|1|2024-04-27 17:53:29.336
4664000|1.2354|0|2024-04-27 17:53:34.600
4662000|0.0196|0|2024-04-27 17:53:34.600
4661000|2.3452|0|2024-04-27 17:53:34.600
4660000|15.2064|0|2024-04-27 17:53:34.600
4659000|1|0|2024-04-27 17:53:34.600
4669000|18.1022|1|2024-04-27 17:53:34.600
4670000|4|1|2024-04-27 17:53:34.600
4671000|4|1|2024-04-27 17:53:34.600
4672000|4.4085|1|2024-04-27 17:53:34.600
4673000|4.4227|1|2024-04-27 17:53:34.600
4664000|1.2354|0|2024-04-27 17:53:39.845
4662000|0.0196|0|2024-04-27 17:53:39.845
4661000|1.6822|0|2024-04-27 17:53:39.845
4660000|15.2064|0|2024-04-27 17:53:39.845
4658000|2.0427|0|2024-04-27 17:53:39.845
4669000|17.8796|1|2024-04-27 17:53:39.845
4670000|4.5266|1|2024-04-27 17:53:39.845
4671000|4|1|2024-04-27 17:53:39.845
4672000|4.4085|1|2024-04-27 17:53:39.845
4673000|4.4227|1|2024-04-27 17:53:39.845
4665000|0.268|0|2024-04-27 17:53:45.078
4664000|1.2329|0|2024-04-27 17:53:45.078
4662000|0.0196|0|2024-04-27 17:53:45.078
4661000|1.6822|0|2024-04-27 17:53:45.078
4660000|15.2064|0|2024-04-27 17:53:45.078
4669000|17.8796|1|2024-04-27 17:53:45.078
4670000|4.5513|1|2024-04-27 17:53:45.078
4671000|4.003|1|2024-04-27 17:53:45.078
4672000|4.4085|1|2024-04-27 17:53:45.078
4673000|4.4227|1|2024-04-27 17:53:45.078
4665000|0.0325|0|2024-04-27 17:53:50.310
4664000|1.233|0|2024-04-27 17:53:50.310
4662000|0.0196|0|2024-04-27 17:53:50.310
4661000|0.1022|0|2024-04-27 17:53:50.310
4660000|16.2488|0|2024-04-27 17:53:50.310
4669000|18.1761|1|2024-04-27 17:53:50.310
4670000|4.003|1|2024-04-27 17:53:50.310
4671000|4.003|1|2024-04-27 17:53:50.310
4672000|4.4115|1|2024-04-27 17:53:50.310
4673000|73.7376|1|2024-04-27 17:53:50.310
4666000|0.1232|0|2024-04-27 17:53:55.545
4665000|0.0325|0|2024-04-27 17:53:55.545
4662000|0.0196|0|2024-04-27 17:53:55.545
4661000|1.6699|0|2024-04-27 17:53:55.545
4660000|15.2064|0|2024-04-27 17:53:55.545
4669000|2.7477|1|2024-04-27 17:53:55.545
4670000|19.003|1|2024-04-27 17:53:55.545
4671000|4.453|1|2024-04-27 17:53:55.545
4672000|4.4115|1|2024-04-27 17:53:55.545
4673000|73.3179|1|2024-04-27 17:53:55.545
4663000|1.2329|0|2024-04-27 17:54:00.997
4662000|0.0196|0|2024-04-27 17:54:00.997
4661000|1.7721|0|2024-04-27 17:54:00.997
4660000|16.6192|0|2024-04-27 17:54:00.997
4659000|1|0|2024-04-27 17:54:00.997
4665000|0.1589|1|2024-04-27 17:54:00.997
4669000|2.8758|1|2024-04-27 17:54:00.997
4670000|19.003|1|2024-04-27 17:54:00.997
4671000|4.003|1|2024-04-27 17:54:00.997
4672000|3.9734|1|2024-04-27 17:54:00.997
4665000|0.008|0|2024-04-27 17:54:06.218
4664000|1.6631|0|2024-04-27 17:54:06.218
4663000|1.6631|0|2024-04-27 17:54:06.218
4662000|15.0196|0|2024-04-27 17:54:06.218
4661000|1.4409|0|2024-04-27 17:54:06.218
4669000|0.131|1|2024-04-27 17:54:06.218
4670000|0.003|1|2024-04-27 17:54:06.218
4671000|18.003|1|2024-04-27 17:54:06.218
4672000|3.9734|1|2024-04-27 17:54:06.218
4673000|4.003|1|2024-04-27 17:54:06.218
4664000|1.2321|0|2024-04-27 17:54:11.498
4663000|2.2132|0|2024-04-27 17:54:11.498
4662000|16.0196|0|2024-04-27 17:54:11.498
4661000|1.4409|0|2024-04-27 17:54:11.498
4660000|1.6546|0|2024-04-27 17:54:11.498
4669000|0.1321|1|2024-04-27 17:54:11.498
4670000|0.003|1|2024-04-27 17:54:11.498
4671000|0.003|1|2024-04-27 17:54:11.498
4672000|17.9734|1|2024-04-27 17:54:11.498
4673000|4.003|1|2024-04-27 17:54:11.498
4666000|0.4402|0|2024-04-27 17:54:16.733
4665000|1.9902|0|2024-04-27 17:54:16.733
4664000|1|0|2024-04-27 17:54:16.733
4663000|1.4479|0|2024-04-27 17:54:16.733
4662000|2.0618|0|2024-04-27 17:54:16.733
4669000|0.0255|1|2024-04-27 17:54:16.733
4670000|0.003|1|2024-04-27 17:54:16.733
4671000|0.003|1|2024-04-27 17:54:16.733
4672000|0.003|1|2024-04-27 17:54:16.733
4673000|0.003|1|2024-04-27 17:54:16.733
4669000|0.123|0|2024-04-27 17:54:22.066
4668000|1.8594|0|2024-04-27 17:54:22.066
4667000|15.1022|0|2024-04-27 17:54:22.066
4666000|1.4402|0|2024-04-27 17:54:22.066
4665000|2.4932|0|2024-04-27 17:54:22.066
4671000|0.0002|1|2024-04-27 17:54:22.066
4672000|0.003|1|2024-04-27 17:54:22.066
4673000|0.003|1|2024-04-27 17:54:22.066
4674000|0.002|1|2024-04-27 17:54:22.066
4675000|1.7275|1|2024-04-27 17:54:22.066
4676000|0.4343|0|2024-04-27 17:54:27.369
4675000|16.385|0|2024-04-27 17:54:27.369
4674000|0.4503|0|2024-04-27 17:54:27.369
4673000|1.4176|0|2024-04-27 17:54:27.369
4671000|4.56|0|2024-04-27 17:54:27.369
4679000|0.0518|1|2024-04-27 17:54:27.369
4680000|3.1692|1|2024-04-27 17:54:27.369
4681000|10.0291|1|2024-04-27 17:54:27.369
4682000|3.4975|1|2024-04-27 17:54:27.369
4683000|0.0197|1|2024-04-27 17:54:27.369
4679000|1.2284|0|2024-04-27 17:54:32.710
4676000|18.987|0|2024-04-27 17:54:32.710
4675000|1|0|2024-04-27 17:54:32.710
4674000|0.9095|0|2024-04-27 17:54:32.710
4673000|1|0|2024-04-27 17:54:32.710
4681000|10.0107|1|2024-04-27 17:54:32.710
4682000|3.4975|1|2024-04-27 17:54:32.710
4683000|0.1219|1|2024-04-27 17:54:32.710
4684000|0.0112|1|2024-04-27 17:54:32.710
4685000|4.002|1|2024-04-27 17:54:32.710
4680000|1.2285|0|2024-04-27 17:54:38.010
4679000|1.919|0|2024-04-27 17:54:38.010
4676000|1.2891|0|2024-04-27 17:54:38.010
4675000|15|0|2024-04-27 17:54:38.010
4674000|1.9095|0|2024-04-27 17:54:38.010
4681000|7.5086|1|2024-04-27 17:54:38.010
4682000|3.4975|1|2024-04-27 17:54:38.010
4683000|0.0197|1|2024-04-27 17:54:38.010
4684000|0.1134|1|2024-04-27 17:54:38.010
4685000|22.002|1|2024-04-27 17:54:38.010
4680000|1.2285|0|2024-04-27 17:54:43.312
4678000|2.0982|0|2024-04-27 17:54:43.312
4677000|1.0403|0|2024-04-27 17:54:43.312
4676000|0.4402|0|2024-04-27 17:54:43.312
4675000|16|0|2024-04-27 17:54:43.312
4681000|1.9823|1|2024-04-27 17:54:43.312
4682000|3.4975|1|2024-04-27 17:54:43.312
4683000|0.0197|1|2024-04-27 17:54:43.312
4684000|0.1134|1|2024-04-27 17:54:43.312
4685000|19.002|1|2024-04-27 17:54:43.312
4677000|1.0403|0|2024-04-27 17:54:48.611
4673000|1.6496|0|2024-04-27 17:54:48.611
4672000|15.6568|0|2024-04-27 17:54:48.611
4671000|4.56|0|2024-04-27 17:54:48.611
4670000|0.9125|0|2024-04-27 17:54:48.611
4680000|0.0017|1|2024-04-27 17:54:48.611
4682000|7.5997|1|2024-04-27 17:54:48.611
4683000|4.0197|1|2024-04-27 17:54:48.611
4684000|4.0112|1|2024-04-27 17:54:48.611
4685000|8.002|1|2024-04-27 17:54:48.611
4677000|1.0403|0|2024-04-27 17:54:53.836
4675000|1.2296|0|2024-04-27 17:54:53.836
4672000|1.666|0|2024-04-27 17:54:53.836
4671000|4.2168|0|2024-04-27 17:54:53.836
4670000|16.442|0|2024-04-27 17:54:53.836
4680000|0.0017|1|2024-04-27 17:54:53.836
4681000|18|1|2024-04-27 17:54:53.836
4682000|7.5997|1|2024-04-27 17:54:53.836
4683000|4.0197|1|2024-04-27 17:54:53.836
4684000|4.433|1|2024-04-27 17:54:53.836
4674000|1.2297|0|2024-04-27 17:54:59.086
4673000|1.921|0|2024-04-27 17:54:59.086
4672000|4.6969|0|2024-04-27 17:54:59.086
4671000|0.4207|0|2024-04-27 17:54:59.086
4670000|15|0|2024-04-27 17:54:59.086
4677000|11.1225|1|2024-04-27 17:54:59.086
4680000|15|1|2024-04-27 17:54:59.086
4681000|1|1|2024-04-27 17:54:59.086
4682000|7.4975|1|2024-04-27 17:54:59.086
4683000|4.0197|1|2024-04-27 17:54:59.086
4677000|0.7642|0|2024-04-27 17:55:04.320
4676000|2.1691|0|2024-04-27 17:55:04.320
4675000|3.4392|0|2024-04-27 17:55:04.320
4674000|20.921|0|2024-04-27 17:55:04.320
4673000|4|0|2024-04-27 17:55:04.320
4682000|3.4975|1|2024-04-27 17:55:04.320
4683000|0.0197|1|2024-04-27 17:55:04.320
4684000|15.0112|1|2024-04-27 17:55:04.320
4685000|8.002|1|2024-04-27 17:55:04.320
4686000|4.005|1|2024-04-27 17:55:04.320
4682000|0.0269|0|2024-04-27 17:55:09.543
4681000|0.4225|0|2024-04-27 17:55:09.543
4680000|1.7238|0|2024-04-27 17:55:09.543
4679000|16.6706|0|2024-04-27 17:55:09.543
4678000|1.4447|0|2024-04-27 17:55:09.543
4683000|0.0197|1|2024-04-27 17:55:09.543
4684000|0.0112|1|2024-04-27 17:55:09.543
4685000|4.002|1|2024-04-27 17:55:09.543
4686000|0.005|1|2024-04-27 17:55:09.543
4687000|0.007|1|2024-04-27 17:55:09.543
4680000|1.7259|0|2024-04-27 17:55:14.766
4678000|2.1603|0|2024-04-27 17:55:14.766
4677000|16.0928|0|2024-04-27 17:55:14.766
4676000|1.4482|0|2024-04-27 17:55:14.766
4675000|1|0|2024-04-27 17:55:14.766
4682000|0.002|1|2024-04-27 17:55:14.766
4683000|0.0197|1|2024-04-27 17:55:14.766
4684000|0.0112|1|2024-04-27 17:55:14.766
4685000|4.002|1|2024-04-27 17:55:14.766
4686000|15.1072|1|2024-04-27 17:55:14.766
4681000|2.9682|0|2024-04-27 17:55:20.002
4680000|14.1965|0|2024-04-27 17:55:20.002
4679000|16.4319|0|2024-04-27 17:55:20.002
4678000|1|0|2024-04-27 17:55:20.002
4677000|1.4758|0|2024-04-27 17:55:20.002
4685000|3.9917|1|2024-04-27 17:55:20.002
4686000|0.005|1|2024-04-27 17:55:20.002
4687000|0.007|1|2024-04-27 17:55:20.002
4688000|0.0117|1|2024-04-27 17:55:20.002
4689000|15.0151|1|2024-04-27 17:55:20.002
4684000|0.1226|0|2024-04-27 17:55:25.226
4681000|1.7632|0|2024-04-27 17:55:25.226
4680000|17.898|0|2024-04-27 17:55:25.226
4679000|16|0|2024-04-27 17:55:25.226
4677000|0.4883|0|2024-04-27 17:55:25.226
4686000|0.0001|1|2024-04-27 17:55:25.226
4687000|0.007|1|2024-04-27 17:55:25.226
4688000|0.0117|1|2024-04-27 17:55:25.226
4689000|15.1173|1|2024-04-27 17:55:25.226
4690000|4.929|1|2024-04-27 17:55:25.226
4680000|2.3983|0|2024-04-27 17:55:30.460
4679000|0.4319|0|2024-04-27 17:55:30.460
4678000|17.0393|0|2024-04-27 17:55:30.460
4677000|1.4883|0|2024-04-27 17:55:30.460
4676000|0.577|0|2024-04-27 17:55:30.460
4685000|0.005|1|2024-04-27 17:55:30.460
4688000|15|1|2024-04-27 17:55:30.460
4689000|3.7926|1|2024-04-27 17:55:30.460
4690000|5.929|1|2024-04-27 17:55:30.460
4691000|3.1556|1|2024-04-27 17:55:30.460
4681000|1.2274|0|2024-04-27 17:55:35.690
4680000|0.6415|0|2024-04-27 17:55:35.690
4678000|2.7961|0|2024-04-27 17:55:35.690
4677000|15.0533|0|2024-04-27 17:55:35.690
4676000|1.4543|0|2024-04-27 17:55:35.690
4684000|8.5464|1|2024-04-27 17:55:35.690
4685000|0.005|1|2024-04-27 17:55:35.690
4687000|18|1|2024-04-27 17:55:35.690
4688000|4.4249|1|2024-04-27 17:55:35.690
4689000|4.6904|1|2024-04-27 17:55:35.690
4677000|1.028|0|2024-04-27 17:55:40.920
4675000|17.921|0|2024-04-27 17:55:40.920
4674000|9.962|0|2024-04-27 17:55:40.920
4673000|3.56|0|2024-04-27 17:55:40.920
4672000|0.4539|0|2024-04-27 17:55:40.920
4684000|23.6419|1|2024-04-27 17:55:40.920
4685000|0.005|1|2024-04-27 17:55:40.920
4686000|4.4444|1|2024-04-27 17:55:40.920
4687000|4.4333|1|2024-04-27 17:55:40.920
4688000|4.4249|1|2024-04-27 17:55:40.920
4677000|0.928|0|2024-04-27 17:55:46.150
4675000|1.921|0|2024-04-27 17:55:46.150
4674000|25.962|0|2024-04-27 17:55:46.150
4673000|3.56|0|2024-04-27 17:55:46.150
4672000|0.4539|0|2024-04-27 17:55:46.150
4684000|15.1022|1|2024-04-27 17:55:46.150
4685000|3.005|1|2024-04-27 17:55:46.150
4686000|4.4444|1|2024-04-27 17:55:46.150
4687000|4.4333|1|2024-04-27 17:55:46.150
4688000|4.4249|1|2024-04-27 17:55:46.150
4674000|2.3539|0|2024-04-27 17:55:51.388
4673000|1|0|2024-04-27 17:55:51.388
4672000|7.403|0|2024-04-27 17:55:51.388
4671000|0.8879|0|2024-04-27 17:55:51.388
4670000|3.5712|0|2024-04-27 17:55:51.388
4682000|0.1089|1|2024-04-27 17:55:51.388
4684000|15|1|2024-04-27 17:55:51.388
4685000|4.005|1|2024-04-27 17:55:51.388
4686000|4|1|2024-04-27 17:55:51.388
4687000|4|1|2024-04-27 17:55:51.388
4676000|1.2287|0|2024-04-27 17:55:56.629
4675000|4.4771|0|2024-04-27 17:55:56.629
4674000|1.3404|0|2024-04-27 17:55:56.629
4673000|16|0|2024-04-27 17:55:56.629
4672000|1.4367|0|2024-04-27 17:55:56.629
4683000|0.1022|1|2024-04-27 17:55:56.629
4684000|15|1|2024-04-27 17:55:56.629
4685000|4.005|1|2024-04-27 17:55:56.629
4686000|4|1|2024-04-27 17:55:56.629
4687000|4.4468|1|2024-04-27 17:55:56.629
4676000|0.5145|0|2024-04-27 17:56:01.857
4675000|18.9191|0|2024-04-27 17:56:01.857
4674000|6.481|0|2024-04-27 17:56:01.857
4673000|1.4444|0|2024-04-27 17:56:01.857
4672000|1.4367|0|2024-04-27 17:56:01.857
4684000|14.1022|1|2024-04-27 17:56:01.857
4685000|3.005|1|2024-04-27 17:56:01.857
4686000|4|1|2024-04-27 17:56:01.857
4687000|4|1|2024-04-27 17:56:01.857
4688000|4|1|2024-04-27 17:56:01.857
4678000|1.2281|0|2024-04-27 17:56:07.089
4677000|0.925|0|2024-04-27 17:56:07.089
4676000|2.181|0|2024-04-27 17:56:07.089
4675000|3.4771|0|2024-04-27 17:56:07.089
4674000|21.481|0|2024-04-27 17:56:07.089
4683000|15|1|2024-04-27 17:56:07.089
4684000|0.0684|1|2024-04-27 17:56:07.089
4685000|4.448|1|2024-04-27 17:56:07.089
4686000|4|1|2024-04-27 17:56:07.089
4687000|4.4461|1|2024-04-27 17:56:07.089
4678000|0.8912|0|2024-04-27 17:56:12.318
4676000|15.7735|0|2024-04-27 17:56:12.318
4675000|3.4771|0|2024-04-27 17:56:12.318
4674000|1|0|2024-04-27 17:56:12.318
4673000|1|0|2024-04-27 17:56:12.318
4685000|3.0071|1|2024-04-27 17:56:12.318
4686000|4|1|2024-04-27 17:56:12.318
4687000|4.4461|1|2024-04-27 17:56:12.318
4688000|1|1|2024-04-27 17:56:12.318
4689000|1.1097|1|2024-04-27 17:56:12.318
4684000|1.2272|0|2024-04-27 17:56:17.550
4683000|0.0037|0|2024-04-27 17:56:17.550
4680000|0.74|0|2024-04-27 17:56:17.550
4679000|16.4709|0|2024-04-27 17:56:17.550
4678000|2.9403|0|2024-04-27 17:56:17.550
4685000|0.0071|1|2024-04-27 17:56:17.550
4688000|0.0967|1|2024-04-27 17:56:17.550
4689000|15.6904|1|2024-04-27 17:56:17.550
4690000|5.939|1|2024-04-27 17:56:17.550
4691000|4.1656|1|2024-04-27 17:56:17.550
4684000|1.2267|0|2024-04-27 17:56:22.774
4683000|0.0037|0|2024-04-27 17:56:22.774
4681000|15.0627|0|2024-04-27 17:56:22.774
4680000|1|0|2024-04-27 17:56:22.774
4679000|1.4371|0|2024-04-27 17:56:22.774
4690000|16.9334|1|2024-04-27 17:56:22.774
4691000|4.234|1|2024-04-27 17:56:22.774
4692000|4.006|1|2024-04-27 17:56:22.774
4693000|5.8863|1|2024-04-27 17:56:22.774
4694000|1|1|2024-04-27 17:56:22.774
4683000|0.0037|0|2024-04-27 17:56:28.040
4680000|1.2273|0|2024-04-27 17:56:28.040
4679000|15.8903|0|2024-04-27 17:56:28.040
4678000|1.4764|0|2024-04-27 17:56:28.040
4676000|4.0002|0|2024-04-27 17:56:28.040
4689000|19.0755|1|2024-04-27 17:56:28.040
4690000|7.0615|1|2024-04-27 17:56:28.040
4691000|4.1656|1|2024-04-27 17:56:28.040
4692000|4.006|1|2024-04-27 17:56:28.040
4693000|6.009|1|2024-04-27 17:56:28.040
4678000|0.1234|0|2024-04-27 17:56:33.270
4677000|15|0|2024-04-27 17:56:33.270
4675000|8.4846|0|2024-04-27 17:56:33.270
4674000|0.9009|0|2024-04-27 17:56:33.270
4673000|0.4353|0|2024-04-27 17:56:33.270
4683000|0.005|1|2024-04-27 17:56:33.270
4686000|5.8003|1|2024-04-27 17:56:33.270
4687000|21.4689|1|2024-04-27 17:56:33.270
4689000|4|1|2024-04-27 17:56:33.270
4690000|6.6439|1|2024-04-27 17:56:33.270
4679000|0.891|0|2024-04-27 17:56:38.496
4678000|0.1234|0|2024-04-27 17:56:38.496
4676000|0.7467|0|2024-04-27 17:56:38.496
4675000|22.0371|0|2024-04-27 17:56:38.496
4674000|2.1074|0|2024-04-27 17:56:38.496
4683000|0.0235|1|2024-04-27 17:56:38.496
4685000|1.8003|1|2024-04-27 17:56:38.496
4686000|19|1|2024-04-27 17:56:38.496
4687000|6.9182|1|2024-04-27 17:56:38.496
4689000|4.4263|1|2024-04-27 17:56:38.496
4679000|0.5479|0|2024-04-27 17:56:43.737
4678000|0.1234|0|2024-04-27 17:56:43.737
4676000|1.8109|0|2024-04-27 17:56:43.737
4675000|23.0371|0|2024-04-27 17:56:43.737
4674000|1.4506|0|2024-04-27 17:56:43.737
4686000|17.9432|1|2024-04-27 17:56:43.737
4687000|6.4689|1|2024-04-27 17:56:43.737
4688000|0.4207|1|2024-04-27 17:56:43.737
4689000|4|1|2024-04-27 17:56:43.737
4690000|7.0629|1|2024-04-27 17:56:43.737
4683000|0|0|2024-04-27 17:56:48.980
4680000|0.891|0|2024-04-27 17:56:48.980
4679000|1.2283|0|2024-04-27 17:56:48.980
4678000|0.1234|0|2024-04-27 17:56:48.980
4676000|1.8109|0|2024-04-27 17:56:48.980
4685000|3.002|1|2024-04-27 17:56:48.980
4686000|16.4332|1|2024-04-27 17:56:48.980
4687000|6.4689|1|2024-04-27 17:56:48.980
4688000|0.4207|1|2024-04-27 17:56:48.980
4689000|4|1|2024-04-27 17:56:48.980
4679000|0.8912|0|2024-04-27 17:56:54.210
4678000|0.0213|0|2024-04-27 17:56:54.210
4677000|0.8912|0|2024-04-27 17:56:54.210
4676000|1.8109|0|2024-04-27 17:56:54.210
4675000|3.4771|0|2024-04-27 17:56:54.210
4683000|2.9999|1|2024-04-27 17:56:54.210
4684000|19|1|2024-04-27 17:56:54.210
4685000|4.4412|1|2024-04-27 17:56:54.210
4686000|1.4332|1|2024-04-27 17:56:54.210
4687000|6.4709|1|2024-04-27 17:56:54.210
4678000|1.2499|0|2024-04-27 17:56:59.460
4677000|1.9076|0|2024-04-27 17:56:59.460
4676000|16.92|0|2024-04-27 17:56:59.460
4675000|3.4771|0|2024-04-27 17:56:59.460
4672000|4.9856|0|2024-04-27 17:56:59.460
4683000|0.0047|1|2024-04-27 17:56:59.460
4684000|19|1|2024-04-27 17:56:59.460
4685000|4.002|1|2024-04-27 17:56:59.460
4686000|1.0149|1|2024-04-27 17:56:59.460
4687000|6.4709|1|2024-04-27 17:56:59.460
4678000|0.0007|0|2024-04-27 17:57:04.721
4677000|1.2289|0|2024-04-27 17:57:04.721
4676000|1.92|0|2024-04-27 17:57:04.721
4675000|18.4771|0|2024-04-27 17:57:04.721
4672000|4.56|0|2024-04-27 17:57:04.721
4683000|0.0047|1|2024-04-27 17:57:04.721
4684000|19|1|2024-04-27 17:57:04.721
4685000|4.002|1|2024-04-27 17:57:04.721
4686000|1.4471|1|2024-04-27 17:57:04.721
4687000|6.4709|1|2024-04-27 17:57:04.721
4676000|1.3312|0|2024-04-27 17:57:09.984
4675000|20.2826|0|2024-04-27 17:57:09.984
4674000|1.92|0|2024-04-27 17:57:09.984
4672000|4.56|0|2024-04-27 17:57:09.984
4671000|3.56|0|2024-04-27 17:57:09.984
4683000|2.9856|1|2024-04-27 17:57:09.984
4684000|19|1|2024-04-27 17:57:09.984
4685000|4.002|1|2024-04-27 17:57:09.984
4686000|1.4471|1|2024-04-27 17:57:09.984
4687000|7.7|1|2024-04-27 17:57:09.984
4676000|1.3312|0|2024-04-27 17:57:15.209
4675000|5.2826|0|2024-04-27 17:57:15.209
4674000|16.92|0|2024-04-27 17:57:15.209
4672000|4.56|0|2024-04-27 17:57:15.209
4671000|3.56|0|2024-04-27 17:57:15.209
4683000|4.1102|1|2024-04-27 17:57:15.209
4684000|19|1|2024-04-27 17:57:15.209
4685000|4.002|1|2024-04-27 17:57:15.209
4686000|1.4471|1|2024-04-27 17:57:15.209
4687000|79.7029|1|2024-04-27 17:57:15.209
4678000|1.2284|0|2024-04-27 17:57:20.505
4677000|1.8055|0|2024-04-27 17:57:20.505
4676000|15.1021|0|2024-04-27 17:57:20.505
4675000|4.8968|0|2024-04-27 17:57:20.505
4674000|2.92|0|2024-04-27 17:57:20.505
4683000|0.1398|1|2024-04-27 17:57:20.505
4685000|0.002|1|2024-04-27 17:57:20.505
4686000|19.0149|1|2024-04-27 17:57:20.505
4687000|6.4709|1|2024-04-27 17:57:20.505
4688000|4.002|1|2024-04-27 17:57:20.505
4683000|0.0388|0|2024-04-27 17:57:25.754
4679000|1.8055|0|2024-04-27 17:57:25.754
4678000|15.1021|0|2024-04-27 17:57:25.754
4676000|1|0|2024-04-27 17:57:25.754
4675000|4.8968|0|2024-04-27 17:57:25.754
4685000|0.002|1|2024-04-27 17:57:25.754
4686000|0.0149|1|2024-04-27 17:57:25.754
4687000|15.002|1|2024-04-27 17:57:25.754
4688000|4.002|1|2024-04-27 17:57:25.754
4689000|4|1|2024-04-27 17:57:25.754
4683000|0.1149|0|2024-04-27 17:57:30.988
4681000|1.2278|0|2024-04-27 17:57:30.988
4679000|1.9076|0|2024-04-27 17:57:30.988
4678000|15|0|2024-04-27 17:57:30.988
4675000|8.0371|0|2024-04-27 17:57:30.988
4685000|0.002|1|2024-04-27 17:57:30.988
4686000|0.0149|1|2024-04-27 17:57:30.988
4687000|19.002|1|2024-04-27 17:57:30.988
4688000|4.002|1|2024-04-27 17:57:30.988
4689000|4.4253|1|2024-04-27 17:57:30.988
4683000|0.1149|0|2024-04-27 17:57:36.223
4679000|3.1358|0|2024-04-27 17:57:36.223
4678000|15|0|2024-04-27 17:57:36.223
4675000|8.0371|0|2024-04-27 17:57:36.223
4674000|1|0|2024-04-27 17:57:36.223
4685000|0.0008|1|2024-04-27 17:57:36.223
4686000|0.0149|1|2024-04-27 17:57:36.223
4687000|19.002|1|2024-04-27 17:57:36.223
4688000|4.4513|1|2024-04-27 17:57:36.223
4689000|4.4253|1|2024-04-27 17:57:36.223
4683000|0|0|2024-04-27 17:57:41.456
4678000|1.3306|0|2024-04-27 17:57:41.456
4676000|1.8055|0|2024-04-27 17:57:41.456
4675000|18.4771|0|2024-04-27 17:57:41.456
4674000|1|0|2024-04-27 17:57:41.456
4685000|3.9976|1|2024-04-27 17:57:41.456
4686000|19.5953|1|2024-04-27 17:57:41.456
4687000|4.4234|1|2024-04-27 17:57:41.456
4688000|4.4513|1|2024-04-27 17:57:41.456
4689000|5.2285|1|2024-04-27 17:57:41.456
4676000|1.3311|0|2024-04-27 17:57:46.674
4675000|18.4771|0|2024-04-27 17:57:46.674
4674000|1.921|0|2024-04-27 17:57:46.674
4672000|4.56|0|2024-04-27 17:57:46.674
4671000|3.56|0|2024-04-27 17:57:46.674
4683000|19.1124|1|2024-04-27 17:57:46.674
4684000|4|1|2024-04-27 17:57:46.674
4685000|4.4424|1|2024-04-27 17:57:46.674
4686000|4.5953|1|2024-04-27 17:57:46.674
4687000|5.6524|1|2024-04-27 17:57:46.674
4676000|1.9076|0|2024-04-27 17:57:51.931
4675000|18.4771|0|2024-04-27 17:57:51.931
4674000|1.921|0|2024-04-27 17:57:51.931
4672000|4.56|0|2024-04-27 17:57:51.931
4671000|3.9953|0|2024-04-27 17:57:51.931
4682000|0.0325|1|2024-04-27 17:57:51.931
4683000|19|1|2024-04-27 17:57:51.931
4684000|4|1|2024-04-27 17:57:51.931
4685000|3.9952|1|2024-04-27 17:57:51.931
4686000|4.5953|1|2024-04-27 17:57:51.931
4675000|3.5792|0|2024-04-27 17:57:57.150
4673000|1.8055|0|2024-04-27 17:57:57.150
4672000|4.56|0|2024-04-27 17:57:57.150
4671000|3.9953|0|2024-04-27 17:57:57.150
4670000|0.4313|0|2024-04-27 17:57:57.150
4682000|0.0325|1|2024-04-27 17:57:57.150
4683000|4|1|2024-04-27 17:57:57.150
4684000|19|1|2024-04-27 17:57:57.150
4685000|3.9952|1|2024-04-27 17:57:57.150
4686000|5.0397|1|2024-04-27 17:57:57.150
4676000|0.0451|0|2024-04-27 17:58:02.444
4675000|18.5792|0|2024-04-27 17:58:02.444
4672000|1|0|2024-04-27 17:58:02.444
4671000|4.9884|0|2024-04-27 17:58:02.444
4670000|0.0112|0|2024-04-27 17:58:02.444
4682000|0.0314|1|2024-04-27 17:58:02.444
4683000|19.0239|1|2024-04-27 17:58:02.444
4684000|4|1|2024-04-27 17:58:02.444
4685000|3.9952|1|2024-04-27 17:58:02.444
4686000|5.0397|1|2024-04-27 17:58:02.444
4677000|0.0446|0|2024-04-27 17:58:07.675
4676000|1.8055|0|2024-04-27 17:58:07.675
4675000|18.5792|0|2024-04-27 17:58:07.675
4674000|0.4434|0|2024-04-27 17:58:07.675
4673000|0.4517|0|2024-04-27 17:58:07.675
4682000|0.0271|1|2024-04-27 17:58:07.675
4683000|3.0239|1|2024-04-27 17:58:07.675
4684000|19|1|2024-04-27 17:58:07.675
4685000|3.9952|1|2024-04-27 17:58:07.675
4686000|4.5953|1|2024-04-27 17:58:07.675
4677000|1.2288|0|2024-04-27 17:58:13.015
4676000|2.2447|0|2024-04-27 17:58:13.015
4675000|18.4771|0|2024-04-27 17:58:13.015
4674000|1.884|0|2024-04-27 17:58:13.015
4673000|4.9995|0|2024-04-27 17:58:13.015
4682000|0.0506|1|2024-04-27 17:58:13.015
4683000|0.0425|1|2024-04-27 17:58:13.015
4685000|18.9952|1|2024-04-27 17:58:13.015
4686000|4.5953|1|2024-04-27 17:58:13.015
4687000|4.002|1|2024-04-27 17:58:13.015
4677000|0.0186|0|2024-04-27 17:58:18.243
4676000|16.9256|0|2024-04-27 17:58:18.243
4675000|3.4771|0|2024-04-27 17:58:18.243
4674000|0.884|0|2024-04-27 17:58:18.243
4672000|1|0|2024-04-27 17:58:18.243
4684000|19|1|2024-04-27 17:58:18.243
4685000|3.9952|1|2024-04-27 17:58:18.243
4686000|4.5953|1|2024-04-27 17:58:18.243
4687000|4.4349|1|2024-04-27 17:58:18.243
4688000|1.4509|1|2024-04-27 17:58:18.243
4681000|0.0164|0|2024-04-27 17:58:23.494
4678000|1.2286|0|2024-04-27 17:58:23.494
4677000|1.8235|0|2024-04-27 17:58:23.494
4676000|15.1021|0|2024-04-27 17:58:23.494
4675000|3.4771|0|2024-04-27 17:58:23.494
4683000|0.003|1|2024-04-27 17:58:23.494
4684000|3|1|2024-04-27 17:58:23.494
4685000|18.9952|1|2024-04-27 17:58:23.494
4686000|4.5953|1|2024-04-27 17:58:23.494
4687000|4.428|1|2024-04-27 17:58:23.494
4683000|0.0156|0|2024-04-27 17:58:28.725
4679000|1.2283|0|2024-04-27 17:58:28.725
4678000|0.1021|0|2024-04-27 17:58:28.725
4677000|1.8235|0|2024-04-27 17:58:28.725
4676000|15|0|2024-04-27 17:58:28.725
4684000|0.003|1|2024-04-27 17:58:28.725
4685000|3.9952|1|2024-04-27 17:58:28.725
4686000|19.5953|1|2024-04-27 17:58:28.725
4687000|4.4252|1|2024-04-27 17:58:28.725
4688000|1.002|1|2024-04-27 17:58:28.725
4683000|0.0156|0|2024-04-27 17:58:34.008
4678000|0.1021|0|2024-04-27 17:58:34.008
4677000|1.8235|0|2024-04-27 17:58:34.008
4676000|15|0|2024-04-27 17:58:34.008
4675000|3.4771|0|2024-04-27 17:58:34.008
4684000|0.003|1|2024-04-27 17:58:34.008
4685000|3.9982|1|2024-04-27 17:58:34.008
4686000|19.5953|1|2024-04-27 17:58:34.008
4687000|4.4252|1|2024-04-27 17:58:34.008
4688000|1.002|1|2024-04-27 17:58:34.008
4678000|1.2286|0|2024-04-27 17:58:39.240
4677000|1.9256|0|2024-04-27 17:58:39.240
4676000|15|0|2024-04-27 17:58:39.240
4675000|3.4771|0|2024-04-27 17:58:39.240
4674000|4.4438|0|2024-04-27 17:58:39.240
4683000|5.9732|1|2024-04-27 17:58:39.240
4684000|0.003|1|2024-04-27 17:58:39.240
4685000|3.9982|1|2024-04-27 17:58:39.240
4686000|19.5953|1|2024-04-27 17:58:39.240
4687000|4.4252|1|2024-04-27 17:58:39.240
4678000|1.2283|0|2024-04-27 17:58:44.479
4677000|1.9256|0|2024-04-27 17:58:44.479
4676000|15|0|2024-04-27 17:58:44.479
4675000|3.4771|0|2024-04-27 17:58:44.479
4674000|1.3303|0|2024-04-27 17:58:44.479
4685000|3.9982|1|2024-04-27 17:58:44.479
4686000|19.5853|1|2024-04-27 17:58:44.479
4687000|4.002|1|2024-04-27 17:58:44.479
4688000|1.002|1|2024-04-27 17:58:44.479
4689000|1.7476|1|2024-04-27 17:58:44.479
4678000|1.2283|0|2024-04-27 17:58:49.704
4677000|1.9256|0|2024-04-27 17:58:49.704
4676000|15|0|2024-04-27 17:58:49.704
4675000|3.4771|0|2024-04-27 17:58:49.704
4674000|1.3303|0|2024-04-27 17:58:49.704
4684000|0.01|1|2024-04-27 17:58:49.704
4685000|3.9982|1|2024-04-27 17:58:49.704
4686000|19.5853|1|2024-04-27 17:58:49.704
4687000|4.002|1|2024-04-27 17:58:49.704
4688000|1.002|1|2024-04-27 17:58:49.704
4678000|1.2283|0|2024-04-27 17:58:55.066
4677000|1.9256|0|2024-04-27 17:58:55.066
4676000|15|0|2024-04-27 17:58:55.066
4675000|3.4771|0|2024-04-27 17:58:55.066
4674000|1.3303|0|2024-04-27 17:58:55.066
4684000|0.01|1|2024-04-27 17:58:55.066
4685000|3.9982|1|2024-04-27 17:58:55.066
4686000|19.5853|1|2024-04-27 17:58:55.066
4687000|4.002|1|2024-04-27 17:58:55.066
4688000|1.002|1|2024-04-27 17:58:55.066
4678000|1.2283|0|2024-04-27 17:59:00.319
4677000|1.9256|0|2024-04-27 17:59:00.319
4676000|15|0|2024-04-27 17:59:00.319
4675000|3.4771|0|2024-04-27 17:59:00.319
4674000|1.3286|0|2024-04-27 17:59:00.319
4684000|0.02|1|2024-04-27 17:59:00.319
4685000|3.9982|1|2024-04-27 17:59:00.319
4686000|19.5853|1|2024-04-27 17:59:00.319
4687000|4.002|1|2024-04-27 17:59:00.319
4688000|1.002|1|2024-04-27 17:59:00.319
4675000|18.4771|0|2024-04-27 17:59:05.586
4674000|0.8821|0|2024-04-27 17:59:05.586
4672000|1.4518|0|2024-04-27 17:59:05.586
4671000|3.9884|0|2024-04-27 17:59:05.586
4670000|3.5712|0|2024-04-27 17:59:05.586
4683000|4|1|2024-04-27 17:59:05.586
4684000|19.02|1|2024-04-27 17:59:05.586
4685000|4.4158|1|2024-04-27 17:59:05.586
4686000|4.5853|1|2024-04-27 17:59:05.586
4687000|4.4506|1|2024-04-27 17:59:05.586
4676000|1.8235|0|2024-04-27 17:59:10.829
4675000|18.5792|0|2024-04-27 17:59:10.829
4673000|0.8825|0|2024-04-27 17:59:10.829
4672000|1.8906|0|2024-04-27 17:59:10.829
4671000|3.9884|0|2024-04-27 17:59:10.829
4683000|4|1|2024-04-27 17:59:10.829
4684000|19.02|1|2024-04-27 17:59:10.829
4685000|3.9982|1|2024-04-27 17:59:10.829
4686000|4.5853|1|2024-04-27 17:59:10.829
4687000|4.4203|1|2024-04-27 17:59:10.829
4679000|1.2576|0|2024-04-27 17:59:16.064
4677000|1.9256|0|2024-04-27 17:59:16.064
4676000|15|0|2024-04-27 17:59:16.064
4675000|3.4771|0|2024-04-27 17:59:16.064
4672000|1.8906|0|2024-04-27 17:59:16.064
4684000|4.02|1|2024-04-27 17:59:16.064
4685000|18.9982|1|2024-04-27 17:59:16.064
4686000|4.5853|1|2024-04-27 17:59:16.064
4687000|4.002|1|2024-04-27 17:59:16.064
4688000|0.4367|1|2024-04-27 17:59:16.064
4682000|0.0293|0|2024-04-27 17:59:21.291
4678000|15|0|2024-04-27 17:59:21.291
4677000|0.1021|0|2024-04-27 17:59:21.291
4676000|0.3199|0|2024-04-27 17:59:21.291
4675000|3.4771|0|2024-04-27 17:59:21.291
4684000|3.02|1|2024-04-27 17:59:21.291
4685000|3.9982|1|2024-04-27 17:59:21.291
4686000|19.5853|1|2024-04-27 17:59:21.291
4687000|4.002|1|2024-04-27 17:59:21.291
4688000|0.438|1|2024-04-27 17:59:21.291
4681000|1.2273|0|2024-04-27 17:59:26.560
4680000|15.4413|0|2024-04-27 17:59:26.560
4678000|2.7|0|2024-04-27 17:59:26.560
4676000|5.011|0|2024-04-27 17:59:26.560
4675000|9.3308|0|2024-04-27 17:59:26.560
4683000|3.483|1|2024-04-27 17:59:26.560
4684000|0.02|1|2024-04-27 17:59:26.560
4685000|0.003|1|2024-04-27 17:59:26.560
4686000|0.5853|1|2024-04-27 17:59:26.560
4687000|4.002|1|2024-04-27 17:59:26.560
4678000|15.1021|0|2024-04-27 17:59:31.792
4677000|0.7331|0|2024-04-27 17:59:31.792
4676000|5.011|0|2024-04-27 17:59:31.792
4675000|8.4929|0|2024-04-27 17:59:31.792
4674000|1|0|2024-04-27 17:59:31.792
4683000|3.3541|1|2024-04-27 17:59:31.792
4684000|0.02|1|2024-04-27 17:59:31.792
4685000|0.003|1|2024-04-27 17:59:31.792
4686000|15.5853|1|2024-04-27 17:59:31.792
4687000|4.002|1|2024-04-27 17:59:31.792
4680000|1.2273|0|2024-04-27 17:59:37.015
4679000|4.0048|0|2024-04-27 17:59:37.015
4678000|15.4308|0|2024-04-27 17:59:37.015
4677000|0.1021|0|2024-04-27 17:59:37.015
4676000|5.011|0|2024-04-27 17:59:37.015
4683000|3.3541|1|2024-04-27 17:59:37.015
4684000|0.0467|1|2024-04-27 17:59:37.015
4685000|0.003|1|2024-04-27 17:59:37.015
4686000|0.5853|1|2024-04-27 17:59:37.015
4687000|4.002|1|2024-04-27 17:59:37.015
4681000|1.2272|0|2024-04-27 17:59:42.255
4680000|1.8245|0|2024-04-27 17:59:42.255
4679000|2.179|0|2024-04-27 17:59:42.255
4678000|15.9218|0|2024-04-27 17:59:42.255
4677000|0.1021|0|2024-04-27 17:59:42.255
4683000|3.2607|1|2024-04-27 17:59:42.255
4684000|0.0567|1|2024-04-27 17:59:42.255
4685000|0.003|1|2024-04-27 17:59:42.255
4686000|0.5853|1|2024-04-27 17:59:42.255
4687000|3.012|1|2024-04-27 17:59:42.255
4682000|1.034|0|2024-04-27 17:59:47.490
4680000|1.8379|0|2024-04-27 17:59:47.490
4679000|15.1021|0|2024-04-27 17:59:47.490
4678000|1.0965|0|2024-04-27 17:59:47.490
4677000|1|0|2024-04-27 17:59:47.490
4683000|1.034|1|2024-04-27 17:59:47.490
4684000|0.0567|1|2024-04-27 17:59:47.490
4685000|0.003|1|2024-04-27 17:59:47.490
4686000|0.5853|1|2024-04-27 17:59:47.490
4687000|0.012|1|2024-04-27 17:59:47.490
4678000|0.2137|0|2024-04-27 17:59:52.711
4677000|1.919|0|2024-04-27 17:59:52.711
4676000|26.7959|0|2024-04-27 17:59:52.711
4675000|7.0371|0|2024-04-27 17:59:52.711
4674000|1.4534|0|2024-04-27 17:59:52.711
4683000|17.1076|1|2024-04-27 17:59:52.711
4684000|0.0567|1|2024-04-27 17:59:52.711
4685000|3.003|1|2024-04-27 17:59:52.711
4686000|4.5853|1|2024-04-27 17:59:52.711
4687000|4.4296|1|2024-04-27 17:59:52.711
4679000|2.1101|0|2024-04-27 17:59:58.032
4678000|0.2137|0|2024-04-27 17:59:58.032
4677000|1.94|0|2024-04-27 17:59:58.032
4676000|18.56|0|2024-04-27 17:59:58.032
4675000|7.0371|0|2024-04-27 17:59:58.032
4683000|1.034|1|2024-04-27 17:59:58.032
4684000|0.0567|1|2024-04-27 17:59:58.032
4685000|18.003|1|2024-04-27 17:59:58.032
4686000|4.5853|1|2024-04-27 17:59:58.032
4687000|4.012|1|2024-04-27 17:59:58.032
4679000|0.1021|0|2024-04-27 18:00:03.255
4678000|4.0915|0|2024-04-27 18:00:03.255
4676000|1.8303|0|2024-04-27 18:00:03.255
4675000|20.3981|0|2024-04-27 18:00:03.255
4674000|1.4534|0|2024-04-27 18:00:03.255
4683000|1.034|1|2024-04-27 18:00:03.255
4684000|15.0567|1|2024-04-27 18:00:03.255
4685000|4.003|1|2024-04-27 18:00:03.255
4686000|4.5853|1|2024-04-27 18:00:03.255
4687000|4.4519|1|2024-04-27 18:00:03.255
4680000|0.1818|0|2024-04-27 18:00:08.505
4679000|2.282|0|2024-04-27 18:00:08.505
4678000|15.8819|0|2024-04-27 18:00:08.505
4677000|0.5374|0|2024-04-27 18:00:08.505
4676000|1.4249|0|2024-04-27 18:00:08.505
4683000|0.1818|1|2024-04-27 18:00:08.505
4684000|0.0567|1|2024-04-27 18:00:08.505
4685000|0.003|1|2024-04-27 18:00:08.505
4686000|0.5853|1|2024-04-27 18:00:08.505
4687000|15.012|1|2024-04-27 18:00:08.505
4681000|2.256|0|2024-04-27 18:00:13.731
4680000|15.5221|0|2024-04-27 18:00:13.731
4679000|2.179|0|2024-04-27 18:00:13.731
4678000|1.4482|0|2024-04-27 18:00:13.731
4677000|1.4353|0|2024-04-27 18:00:13.731
4683000|2.9248|1|2024-04-27 18:00:13.731
4684000|0.0567|1|2024-04-27 18:00:13.731
4685000|0.003|1|2024-04-27 18:00:13.731
4686000|0.5853|1|2024-04-27 18:00:13.731
4687000|0.012|1|2024-04-27 18:00:13.731
4679000|1.2281|0|2024-04-27 18:00:18.956
4678000|0.1021|0|2024-04-27 18:00:18.956
4677000|1.8582|0|2024-04-27 18:00:18.956
4676000|16.919|0|2024-04-27 18:00:18.956
4675000|4.4771|0|2024-04-27 18:00:18.956
4684000|21|1|2024-04-27 18:00:18.956
4685000|1|1|2024-04-27 18:00:18.956
4686000|3|1|2024-04-27 18:00:18.956
4687000|4|1|2024-04-27 18:00:18.956
4688000|4.4211|1|2024-04-27 18:00:18.956
4680000|18.6621|0|2024-04-27 18:00:24.206
4679000|3.832|0|2024-04-27 18:00:24.206
4678000|1.4301|0|2024-04-27 18:00:24.206
4677000|4.56|0|2024-04-27 18:00:24.206
4676000|1.4486|0|2024-04-27 18:00:24.206
4689000|12.3132|1|2024-04-27 18:00:24.206
4690000|4.5037|1|2024-04-27 18:00:24.206
4691000|4.1556|1|2024-04-27 18:00:24.206
4692000|4.116|1|2024-04-27 18:00:24.206
4693000|2.8877|1|2024-04-27 18:00:24.206
4688000|0.0553|0|2024-04-27 18:00:29.422
4684000|1.2267|0|2024-04-27 18:00:29.422
4683000|0.1021|0|2024-04-27 18:00:29.422
4682000|1.8686|0|2024-04-27 18:00:29.422
4681000|15|0|2024-04-27 18:00:29.422
4690000|15.5112|1|2024-04-27 18:00:29.422
4691000|4.1556|1|2024-04-27 18:00:29.422
4692000|4.116|1|2024-04-27 18:00:29.422
4693000|5.8609|1|2024-04-27 18:00:29.422
4695000|2.1306|1|2024-04-27 18:00:29.422
4688000|0.0553|0|2024-04-27 18:00:34.682
4684000|1.2267|0|2024-04-27 18:00:34.682
4682000|1.8686|0|2024-04-27 18:00:34.682
4681000|15|0|2024-04-27 18:00:34.682
4680000|3.56|0|2024-04-27 18:00:34.682
4689000|0.4406|1|2024-04-27 18:00:34.682
4690000|19.5112|1|2024-04-27 18:00:34.682
4691000|4.1556|1|2024-04-27 18:00:34.682
4692000|4.116|1|2024-04-27 18:00:34.682
4693000|5.8609|1|2024-04-27 18:00:34.682
4688000|0.1237|0|2024-04-27 18:00:39.918
4684000|1.8686|0|2024-04-27 18:00:39.918
4683000|15.1021|0|2024-04-27 18:00:39.918
4680000|3.56|0|2024-04-27 18:00:39.918
4679000|1|0|2024-04-27 18:00:39.918
4690000|3.5112|1|2024-04-27 18:00:39.918
4691000|19.5777|1|2024-04-27 18:00:39.918
4692000|4.5611|1|2024-04-27 18:00:39.918
4693000|5.4353|1|2024-04-27 18:00:39.918
4694000|0.4514|1|2024-04-27 18:00:39.918
4688000|0.1237|0|2024-04-27 18:00:45.142
4684000|1.8686|0|2024-04-27 18:00:45.142
4683000|15.1021|0|2024-04-27 18:00:45.142
4680000|3.56|0|2024-04-27 18:00:45.142
4679000|1|0|2024-04-27 18:00:45.142
4690000|3.5147|1|2024-04-27 18:00:45.142
4691000|19.1556|1|2024-04-27 18:00:45.142
4692000|4.5611|1|2024-04-27 18:00:45.142
4693000|5.4353|1|2024-04-27 18:00:45.142
4694000|0.4514|1|2024-04-27 18:00:45.142
4688000|0.0639|0|2024-04-27 18:00:50.397
4684000|1.8686|0|2024-04-27 18:00:50.397
4683000|15|0|2024-04-27 18:00:50.397
4680000|5.4332|0|2024-04-27 18:00:50.397
4679000|1.419|0|2024-04-27 18:00:50.397
4690000|0.1836|1|2024-04-27 18:00:50.397
4691000|4.1556|1|2024-04-27 18:00:50.397
4692000|19.5621|1|2024-04-27 18:00:50.397
4693000|5.4353|1|2024-04-27 18:00:50.397
4694000|1.4514|1|2024-04-27 18:00:50.397
4690000|0.2935|0|2024-04-27 18:00:55.650
4688000|0.0639|0|2024-04-27 18:00:55.650
4685000|1.2266|0|2024-04-27 18:00:55.650
4684000|1.8686|0|2024-04-27 18:00:55.650
4683000|15|0|2024-04-27 18:00:55.650
4691000|4.1556|1|2024-04-27 18:00:55.650
4692000|19.116|1|2024-04-27 18:00:55.650
4693000|5.4353|1|2024-04-27 18:00:55.650
4694000|1.4514|1|2024-04-27 18:00:55.650
4695000|1.6283|1|2024-04-27 18:00:55.650
4688000|0.1115|0|2024-04-27 18:01:00.929
4685000|0.1021|0|2024-04-27 18:01:00.929
4684000|1.8584|0|2024-04-27 18:01:00.929
4683000|15|0|2024-04-27 18:01:00.929
4682000|3|0|2024-04-27 18:01:00.929
4689000|4.5873|1|2024-04-27 18:01:00.929
4690000|2|1|2024-04-27 18:01:00.929
4691000|4.1556|1|2024-04-27 18:01:00.929
4692000|19.116|1|2024-04-27 18:01:00.929
4693000|5.4353|1|2024-04-27 18:01:00.929
4687000|0.009|0|2024-04-27 18:01:06.183
4684000|0.1021|0|2024-04-27 18:01:06.183
4683000|16.8809|0|2024-04-27 18:01:06.183
4682000|4.8809|0|2024-04-27 18:01:06.183
4681000|4|0|2024-04-27 18:01:06.183
4688000|0.004|1|2024-04-27 18:01:06.183
4691000|3.1556|1|2024-04-27 18:01:06.183
4692000|4.116|1|2024-04-27 18:01:06.183
4693000|20.4353|1|2024-04-27 18:01:06.183
4694000|1|1|2024-04-27 18:01:06.183
4687000|1.2257|0|2024-04-27 18:01:11.410
4686000|16.9757|0|2024-04-27 18:01:11.410
4685000|0.4385|0|2024-04-27 18:01:11.410
4684000|3|0|2024-04-27 18:01:11.410
4683000|4.4486|0|2024-04-27 18:01:11.410
4692000|0.116|1|2024-04-27 18:01:11.410
4693000|4.4353|1|2024-04-27 18:01:11.410
4694000|4|1|2024-04-27 18:01:11.410
4695000|20.6283|1|2024-04-27 18:01:11.410
4696000|3.0075|1|2024-04-27 18:01:11.410
4691000|1.2248|0|2024-04-27 18:01:16.632
4690000|15|0|2024-04-27 18:01:16.632
4688000|3.5326|0|2024-04-27 18:01:16.632
4687000|4.8095|0|2024-04-27 18:01:16.632
4686000|7.9859|0|2024-04-27 18:01:16.632
4693000|1.4342|1|2024-04-27 18:01:16.632
4695000|1.6283|1|2024-04-27 18:01:16.632
4696000|5|1|2024-04-27 18:01:16.632
4697000|3.0081|1|2024-04-27 18:01:16.632
4698000|4.9642|1|2024-04-27 18:01:16.632
4689000|0.1112|0|2024-04-27 18:01:21.869
4688000|0.652|0|2024-04-27 18:01:21.869
4687000|1.6987|0|2024-04-27 18:01:21.869
4686000|15.4259|0|2024-04-27 18:01:21.869
4685000|3|0|2024-04-27 18:01:21.869
4693000|18|1|2024-04-27 18:01:21.869
4694000|4|1|2024-04-27 18:01:21.869
4695000|4|1|2024-04-27 18:01:21.869
4696000|5.3445|1|2024-04-27 18:01:21.869
4697000|5.2714|1|2024-04-27 18:01:21.869
4689000|0.0491|0|2024-04-27 18:01:27.089
4688000|1.2258|0|2024-04-27 18:01:27.089
4687000|0.4728|0|2024-04-27 18:01:27.089
4686000|15.4259|0|2024-04-27 18:01:27.089
4685000|3|0|2024-04-27 18:01:27.089
4693000|5.9233|1|2024-04-27 18:01:27.089
4694000|3|1|2024-04-27 18:01:27.089
4695000|19.0076|1|2024-04-27 18:01:27.089
4696000|5.3465|1|2024-04-27 18:01:27.089
4697000|4.0081|1|2024-04-27 18:01:27.089
4691000|0.0474|0|2024-04-27 18:01:32.314
4687000|2.3542|0|2024-04-27 18:01:32.314
4686000|15.4259|0|2024-04-27 18:01:32.314
4685000|3|0|2024-04-27 18:01:32.314
4684000|4|0|2024-04-27 18:01:32.314
4693000|2.3132|1|2024-04-27 18:01:32.314
4694000|3|1|2024-04-27 18:01:32.314
4695000|19.0076|1|2024-04-27 18:01:32.314
4696000|5.3465|1|2024-04-27 18:01:32.314
4697000|4.0081|1|2024-04-27 18:01:32.314
4690000|0.0112|0|2024-04-27 18:01:37.550
4688000|16.2255|0|2024-04-27 18:01:37.550
4687000|0.4728|0|2024-04-27 18:01:37.550
4686000|0.4259|0|2024-04-27 18:01:37.550
4685000|3|0|2024-04-27 18:01:37.550
4694000|2.9527|1|2024-04-27 18:01:37.550
4695000|20.9585|1|2024-04-27 18:01:37.550
4696000|5.3465|1|2024-04-27 18:01:37.550
4697000|4.0081|1|2024-04-27 18:01:37.550
4698000|5.4009|1|2024-04-27 18:01:37.550
4690000|15|0|2024-04-27 18:01:42.797
4689000|0.1021|0|2024-04-27 18:01:42.797
4688000|3|0|2024-04-27 18:01:42.797
4687000|0.3707|0|2024-04-27 18:01:42.797
4686000|7.9859|0|2024-04-27 18:01:42.797
4695000|5.9996|1|2024-04-27 18:01:42.797
4696000|4.3465|1|2024-04-27 18:01:42.797
4697000|4.0081|1|2024-04-27 18:01:42.797
4698000|5.386|1|2024-04-27 18:01:42.797
4699000|16.4378|1|2024-04-27 18:01:42.797
4690000|1.2251|0|2024-04-27 18:01:48.056
4689000|15.1021|0|2024-04-27 18:01:48.056
4688000|3|0|2024-04-27 18:01:48.056
4687000|0.3707|0|2024-04-27 18:01:48.056
4686000|8.4153|0|2024-04-27 18:01:48.056
4696000|16.8287|1|2024-04-27 18:01:48.056
4697000|4.0081|1|2024-04-27 18:01:48.056
4698000|4.9621|1|2024-04-27 18:01:48.056
4699000|1.4378|1|2024-04-27 18:01:48.056
4700000|14.7342|1|2024-04-27 18:01:48.056
4690000|1.2251|0|2024-04-27 18:01:53.302
4689000|15.1021|0|2024-04-27 18:01:53.302
4688000|3|0|2024-04-27 18:01:53.302
4687000|0.8123|0|2024-04-27 18:01:53.302
4686000|8.4153|0|2024-04-27 18:01:53.302
4696000|1.8287|1|2024-04-27 18:01:53.302
4697000|19.0081|1|2024-04-27 18:01:53.302
4698000|4.9621|1|2024-04-27 18:01:53.302
4699000|1.4378|1|2024-04-27 18:01:53.302
4700000|14.2905|1|2024-04-27 18:01:53.302
