price|quantity|type|timestamp
91400000|0.3406|0|2024-04-26 15:25:04.068
91399000|0.0404|0|2024-04-26 15:25:04.068
91397000|0.0011|0|2024-04-26 15:25:04.068
91393000|0.0003|0|2024-04-26 15:25:04.068
91391000|0.0022|0|2024-04-26 15:25:04.068
91481000|0.1229|1|2024-04-26 15:25:04.068
91482000|0.0597|1|2024-04-26 15:25:04.068
91499000|0.0537|1|2024-04-26 15:25:04.068
91500000|0.5298|1|2024-04-26 15:25:04.068
91501000|0.0002|1|2024-04-26 15:25:04.068
91399000|0.0404|0|2024-04-26 15:25:09.362
91397000|0.0011|0|2024-04-26 15:25:09.362
91393000|0.0003|0|2024-04-26 15:25:09.362
91391000|0.0024|0|2024-04-26 15:25:09.362
91390000|0.0075|0|2024-04-26 15:25:09.362
91450000|0.0122|1|2024-04-26 15:25:09.362
91466000|0.0937|1|2024-04-26 15:25:09.362
91488000|0.0549|1|2024-04-26 15:25:09.362
91490000|0.0008|1|2024-04-26 15:25:09.362
91499000|0.0537|1|2024-04-26 15:25:09.362
91404000|1.8919|0|2024-04-26 15:25:14.632
91399000|0.0404|0|2024-04-26 15:25:14.632
91398000|0.0539|0|2024-04-26 15:25:14.632
91397000|0.0016|0|2024-04-26 15:25:14.632
91396000|0.0873|0|2024-04-26 15:25:14.632
91450000|0.2122|1|2024-04-26 15:25:14.632
91490000|0.0008|1|2024-04-26 15:25:14.632
91499000|0.0537|1|2024-04-26 15:25:14.632
91500000|0.3558|1|2024-04-26 15:25:14.632
91501000|0.0002|1|2024-04-26 15:25:14.632
91451000|0.0471|0|2024-04-26 15:25:20.270
91450000|2.2285|0|2024-04-26 15:25:20.270
91444000|0.0293|0|2024-04-26 15:25:20.270
91443000|0.0273|0|2024-04-26 15:25:20.270
91442000|0.0394|0|2024-04-26 15:25:20.270
91490000|0.0008|1|2024-04-26 15:25:20.270
91500000|0.3558|1|2024-04-26 15:25:20.270
91501000|0.0002|1|2024-04-26 15:25:20.270
91518000|0.0002|1|2024-04-26 15:25:20.270
91520000|0.0001|1|2024-04-26 15:25:20.270
91451000|0.0125|0|2024-04-26 15:25:25.533
91450000|1.8352|0|2024-04-26 15:25:25.533
91439000|0.0397|0|2024-04-26 15:25:25.533
91438000|0.1534|0|2024-04-26 15:25:25.533
91437000|0.0364|0|2024-04-26 15:25:25.533
91490000|0.0008|1|2024-04-26 15:25:25.533
91500000|0.3558|1|2024-04-26 15:25:25.533
91501000|0.0002|1|2024-04-26 15:25:25.533
91518000|0.0002|1|2024-04-26 15:25:25.533
91520000|0.0001|1|2024-04-26 15:25:25.533
91459000|1.8|0|2024-04-26 15:25:30.757
91450000|0.1077|0|2024-04-26 15:25:30.757
91449000|0.056|0|2024-04-26 15:25:30.757
91448000|0.0366|0|2024-04-26 15:25:30.757
91447000|0.1024|0|2024-04-26 15:25:30.757
91490000|0.0008|1|2024-04-26 15:25:30.757
91494000|0.1091|1|2024-04-26 15:25:30.757
91500000|0.3558|1|2024-04-26 15:25:30.757
91501000|0.0002|1|2024-04-26 15:25:30.757
91502000|0.0001|1|2024-04-26 15:25:30.757
91430000|0.0349|0|2024-04-26 15:25:36.147
91416000|0.024|0|2024-04-26 15:25:36.147
91415000|0.0853|0|2024-04-26 15:25:36.147
91414000|0.0275|0|2024-04-26 15:25:36.147
91413000|0.1293|0|2024-04-26 15:25:36.147
91474000|0.0551|1|2024-04-26 15:25:36.147
91475000|0.0002|1|2024-04-26 15:25:36.147
91490000|0.0008|1|2024-04-26 15:25:36.147
91500000|0.3558|1|2024-04-26 15:25:36.147
91501000|0.0002|1|2024-04-26 15:25:36.147
91450000|0.0008|0|2024-04-26 15:25:41.399
91449000|0.5474|0|2024-04-26 15:25:41.399
91430000|0.0349|0|2024-04-26 15:25:41.399
91420000|0.0766|0|2024-04-26 15:25:41.399
91417000|0.014|0|2024-04-26 15:25:41.399
91463000|0.0232|1|2024-04-26 15:25:41.399
91464000|0.0002|1|2024-04-26 15:25:41.399
91470000|0.0001|1|2024-04-26 15:25:41.399
91490000|0.0008|1|2024-04-26 15:25:41.399
91499000|0.1334|1|2024-04-26 15:25:41.399
91449000|0.5439|0|2024-04-26 15:25:46.641
91430000|0.0349|0|2024-04-26 15:25:46.641
91420000|0.014|0|2024-04-26 15:25:46.641
91417000|0.014|0|2024-04-26 15:25:46.641
91416000|0.0248|0|2024-04-26 15:25:46.641
91461000|0.0001|1|2024-04-26 15:25:46.641
91464000|0.0002|1|2024-04-26 15:25:46.641
91469000|0.0115|1|2024-04-26 15:25:46.641
91490000|0.0008|1|2024-04-26 15:25:46.641
91493000|0.133|1|2024-04-26 15:25:46.641
91449000|0.2237|0|2024-04-26 15:25:51.889
91430000|0.0349|0|2024-04-26 15:25:51.889
91417000|0.014|0|2024-04-26 15:25:51.889
91416000|0.0248|0|2024-04-26 15:25:51.889
91415000|0.014|0|2024-04-26 15:25:51.889
91460000|0.0193|1|2024-04-26 15:25:51.889
91467000|0.0001|1|2024-04-26 15:25:51.889
91469000|0.0115|1|2024-04-26 15:25:51.889
91490000|0.0008|1|2024-04-26 15:25:51.889
91494000|0.1356|1|2024-04-26 15:25:51.889
91449000|0.2114|0|2024-04-26 15:25:57.123
91430000|0.0349|0|2024-04-26 15:25:57.123
91417000|0.014|0|2024-04-26 15:25:57.123
91416000|0.201|0|2024-04-26 15:25:57.123
91415000|0.0415|0|2024-04-26 15:25:57.123
91469000|0.0019|1|2024-04-26 15:25:57.123
91475000|0.0191|1|2024-04-26 15:25:57.123
91476000|0.0002|1|2024-04-26 15:25:57.123
91482000|0.0001|1|2024-04-26 15:25:57.123
91490000|0.0008|1|2024-04-26 15:25:57.123
91449000|0.0394|0|2024-04-26 15:26:08.951
91430000|0.0349|0|2024-04-26 15:26:08.951
91417000|0.015|0|2024-04-26 15:26:08.951
91416000|0.0248|0|2024-04-26 15:26:08.951
91415000|0.014|0|2024-04-26 15:26:08.951
91452000|0.0002|1|2024-04-26 15:26:08.951
91464000|0.1681|1|2024-04-26 15:26:08.951
91469000|0.0008|1|2024-04-26 15:26:08.951
91471000|0.0642|1|2024-04-26 15:26:08.951
91472000|0.0065|1|2024-04-26 15:26:08.951
91377000|0.1981|0|2024-04-26 15:26:14.196
91376000|0.0901|0|2024-04-26 15:26:14.196
91375000|0.0101|0|2024-04-26 15:26:14.196
91372000|0.001|0|2024-04-26 15:26:14.196
91370000|0.003|0|2024-04-26 15:26:14.196
91400000|0.0234|1|2024-04-26 15:26:14.196
91407000|0.094|1|2024-04-26 15:26:14.196
91408000|0.0557|1|2024-04-26 15:26:14.196
91415000|0.0008|1|2024-04-26 15:26:14.196
91421000|0.0652|1|2024-04-26 15:26:14.196
91377000|0.0247|0|2024-04-26 15:26:19.452
91376000|0.0901|0|2024-04-26 15:26:19.452
91375000|0.0101|0|2024-04-26 15:26:19.452
91372000|0.001|0|2024-04-26 15:26:19.452
91370000|0.003|0|2024-04-26 15:26:19.452
91398000|0.063|1|2024-04-26 15:26:19.452
91407000|0.1106|1|2024-04-26 15:26:19.452
91408000|0.0559|1|2024-04-26 15:26:19.452
91421000|0.0652|1|2024-04-26 15:26:19.452
91436000|0.0608|1|2024-04-26 15:26:19.452
91376000|0.1024|0|2024-04-26 15:26:24.697
91375000|0.0101|0|2024-04-26 15:26:24.697
91372000|0.001|0|2024-04-26 15:26:24.697
91370000|0.003|0|2024-04-26 15:26:24.697
91361000|0.0001|0|2024-04-26 15:26:24.697
91377000|0.4486|1|2024-04-26 15:26:24.697
91396000|0.0255|1|2024-04-26 15:26:24.697
91408000|0.0002|1|2024-04-26 15:26:24.697
91418000|0.058|1|2024-04-26 15:26:24.697
91421000|0.0002|1|2024-04-26 15:26:24.697
91376000|0.0206|0|2024-04-26 15:26:29.985
91375000|0.0101|0|2024-04-26 15:26:29.985
91372000|0.001|0|2024-04-26 15:26:29.985
91370000|0.003|0|2024-04-26 15:26:29.985
91361000|0.0001|0|2024-04-26 15:26:29.985
91377000|0.3848|1|2024-04-26 15:26:29.985
91396000|0.0255|1|2024-04-26 15:26:29.985
91408000|0.0002|1|2024-04-26 15:26:29.985
91421000|0.0002|1|2024-04-26 15:26:29.985
91436000|0.0608|1|2024-04-26 15:26:29.985
91376000|0.0926|0|2024-04-26 15:26:35.284
91375000|0.0101|0|2024-04-26 15:26:35.284
91372000|0.001|0|2024-04-26 15:26:35.284
91370000|0.003|0|2024-04-26 15:26:35.284
91364000|0.0642|0|2024-04-26 15:26:35.284
91396000|0.0114|1|2024-04-26 15:26:35.284
91408000|0.0002|1|2024-04-26 15:26:35.284
91421000|0.0002|1|2024-04-26 15:26:35.284
91469000|0.0008|1|2024-04-26 15:26:35.284
91476000|0.0595|1|2024-04-26 15:26:35.284
91402000|0.0745|0|2024-04-26 15:26:40.531
91401000|0.0533|0|2024-04-26 15:26:40.531
91400000|0.009|0|2024-04-26 15:26:40.531
91398000|1.8|0|2024-04-26 15:26:40.531
91396000|0.9003|0|2024-04-26 15:26:40.531
91469000|0.0008|1|2024-04-26 15:26:40.531
91481000|0.1092|1|2024-04-26 15:26:40.531
91490000|0.0008|1|2024-04-26 15:26:40.531
91500000|0.3558|1|2024-04-26 15:26:40.531
91501000|0.0002|1|2024-04-26 15:26:40.531
91403000|0.0054|0|2024-04-26 15:26:45.766
91398000|0.0002|0|2024-04-26 15:26:45.766
91396000|0.011|0|2024-04-26 15:26:45.766
91377000|0.9002|0|2024-04-26 15:26:45.766
91376000|0.0254|0|2024-04-26 15:26:45.766
91466000|0.1254|1|2024-04-26 15:26:45.766
91467000|0.1092|1|2024-04-26 15:26:45.766
91468000|0.0351|1|2024-04-26 15:26:45.766
91478000|0.0513|1|2024-04-26 15:26:45.766
91480000|0.0544|1|2024-04-26 15:26:45.766
91399000|0.1111|0|2024-04-26 15:26:51.008
91398000|0.0002|0|2024-04-26 15:26:51.008
91396000|0.011|0|2024-04-26 15:26:51.008
91376000|0.0254|0|2024-04-26 15:26:51.008
91375000|0.0101|0|2024-04-26 15:26:51.008
91461000|0.1092|1|2024-04-26 15:26:51.008
91462000|0.1254|1|2024-04-26 15:26:51.008
91464000|0.0989|1|2024-04-26 15:26:51.008
91468000|0.0351|1|2024-04-26 15:26:51.008
91469000|0.0405|1|2024-04-26 15:26:51.008
91404000|0.0131|0|2024-04-26 15:26:56.250
91403000|0|0|2024-04-26 15:26:56.250
91399000|0.1111|0|2024-04-26 15:26:56.250
91398000|0.0002|0|2024-04-26 15:26:56.250
91396000|0.011|0|2024-04-26 15:26:56.250
91459000|0.0997|1|2024-04-26 15:26:56.250
91460000|0.063|1|2024-04-26 15:26:56.250
91464000|0.0351|1|2024-04-26 15:26:56.250
91467000|0.1258|1|2024-04-26 15:26:56.250
91468000|0.0351|1|2024-04-26 15:26:56.250
91396000|0.0065|0|2024-04-26 15:27:01.490
91377000|0.0379|0|2024-04-26 15:27:01.490
91376000|0.0254|0|2024-04-26 15:27:01.490
91375000|0.0101|0|2024-04-26 15:27:01.490
91372000|0.001|0|2024-04-26 15:27:01.490
91403000|0.019|1|2024-04-26 15:27:01.490
91448000|0.124|1|2024-04-26 15:27:01.490
91449000|0.0542|1|2024-04-26 15:27:01.490
91460000|0.0553|1|2024-04-26 15:27:01.490
91464000|0.0351|1|2024-04-26 15:27:01.490
91377000|0.0263|0|2024-04-26 15:27:06.738
91376000|0.0254|0|2024-04-26 15:27:06.738
91375000|0.0101|0|2024-04-26 15:27:06.738
91372000|0.001|0|2024-04-26 15:27:06.738
91370000|0.003|0|2024-04-26 15:27:06.738
91402000|0.1092|1|2024-04-26 15:27:06.738
91403000|0.0127|1|2024-04-26 15:27:06.738
91438000|0.1236|1|2024-04-26 15:27:06.738
91439000|0.0549|1|2024-04-26 15:27:06.738
91449000|0.0542|1|2024-04-26 15:27:06.738
91375000|0.0001|0|2024-04-26 15:27:11.992
91372000|0.001|0|2024-04-26 15:27:11.992
91370000|0.003|0|2024-04-26 15:27:11.992
91365000|0.0119|0|2024-04-26 15:27:11.992
91361000|0.0001|0|2024-04-26 15:27:11.992
91399000|0.1092|1|2024-04-26 15:27:11.992
91400000|0.1227|1|2024-04-26 15:27:11.992
91401000|0.0206|1|2024-04-26 15:27:11.992
91402000|0.1042|1|2024-04-26 15:27:11.992
91403000|0.0127|1|2024-04-26 15:27:11.992
91372000|0.0002|0|2024-04-26 15:27:17.232
91365000|0.0013|0|2024-04-26 15:27:17.232
91361000|0.0228|0|2024-04-26 15:27:17.232
91360000|0.1116|0|2024-04-26 15:27:17.232
91359000|0.0011|0|2024-04-26 15:27:17.232
91396000|0.1092|1|2024-04-26 15:27:17.232
91397000|0.0206|1|2024-04-26 15:27:17.232
91401000|0.0206|1|2024-04-26 15:27:17.232
91402000|0.1042|1|2024-04-26 15:27:17.232
91403000|0.0127|1|2024-04-26 15:27:17.232
91361000|0.0179|0|2024-04-26 15:27:22.476
91360000|0.1116|0|2024-04-26 15:27:22.476
91359000|0.0011|0|2024-04-26 15:27:22.476
91351000|0.0092|0|2024-04-26 15:27:22.476
91350000|0.0611|0|2024-04-26 15:27:22.476
91396000|0.1092|1|2024-04-26 15:27:22.476
91397000|0.0154|1|2024-04-26 15:27:22.476
91401000|0.0206|1|2024-04-26 15:27:22.476
91402000|0.1042|1|2024-04-26 15:27:22.476
91403000|0.0127|1|2024-04-26 15:27:22.476
91360000|0.1071|0|2024-04-26 15:27:27.775
91359000|1.8057|0|2024-04-26 15:27:27.775
91351000|0.9092|0|2024-04-26 15:27:27.775
91350000|0.0609|0|2024-04-26 15:27:27.775
91346000|0.0031|0|2024-04-26 15:27:27.775
91396000|0.0206|1|2024-04-26 15:27:27.775
91397000|0.0154|1|2024-04-26 15:27:27.775
91401000|0.0206|1|2024-04-26 15:27:27.775
91402000|0.1042|1|2024-04-26 15:27:27.775
91403000|0.0093|1|2024-04-26 15:27:27.775
91360000|0.0356|0|2024-04-26 15:27:33.040
91359000|0.0001|0|2024-04-26 15:27:33.040
91351000|0.0092|0|2024-04-26 15:27:33.040
91350000|0.0609|0|2024-04-26 15:27:33.040
91346000|0.0031|0|2024-04-26 15:27:33.040
91394000|0.1654|1|2024-04-26 15:27:33.040
91395000|0.0198|1|2024-04-26 15:27:33.040
91396000|0.0206|1|2024-04-26 15:27:33.040
91397000|0.0154|1|2024-04-26 15:27:33.040
91401000|0.0206|1|2024-04-26 15:27:33.040
91360000|0.0205|0|2024-04-26 15:27:38.308
91359000|0.0898|0|2024-04-26 15:27:38.308
91351000|0.0092|0|2024-04-26 15:27:38.308
91350000|0.0609|0|2024-04-26 15:27:38.308
91346000|0.0031|0|2024-04-26 15:27:38.308
91394000|0.042|1|2024-04-26 15:27:38.308
91396000|0.0206|1|2024-04-26 15:27:38.308
91397000|0.0154|1|2024-04-26 15:27:38.308
91401000|0.0206|1|2024-04-26 15:27:38.308
91403000|0.0093|1|2024-04-26 15:27:38.308
91393000|0.003|0|2024-04-26 15:27:43.616
91360000|0.0754|0|2024-04-26 15:27:43.616
91359000|0.0898|0|2024-04-26 15:27:43.616
91351000|0.0092|0|2024-04-26 15:27:43.616
91350000|0.0611|0|2024-04-26 15:27:43.616
91396000|0.0203|1|2024-04-26 15:27:43.616
91397000|0.0154|1|2024-04-26 15:27:43.616
91400000|0.001|1|2024-04-26 15:27:43.616
91401000|0.0206|1|2024-04-26 15:27:43.616
91403000|0.0093|1|2024-04-26 15:27:43.616
91360000|0.0593|0|2024-04-26 15:27:48.877
91359000|0.0898|0|2024-04-26 15:27:48.877
91351000|0.0092|0|2024-04-26 15:27:48.877
91350000|0.0611|0|2024-04-26 15:27:48.877
91346000|0.0031|0|2024-04-26 15:27:48.877
91396000|0.0203|1|2024-04-26 15:27:48.877
91397000|0.0154|1|2024-04-26 15:27:48.877
91400000|0.1221|1|2024-04-26 15:27:48.877
91401000|0.0206|1|2024-04-26 15:27:48.877
91402000|0.0203|1|2024-04-26 15:27:48.877
91361000|0.1101|0|2024-04-26 15:27:54.120
91360000|0.0493|0|2024-04-26 15:27:54.120
91359000|0.09|0|2024-04-26 15:27:54.120
91351000|0.0092|0|2024-04-26 15:27:54.120
91350000|0.0611|0|2024-04-26 15:27:54.120
91396000|0.0203|1|2024-04-26 15:27:54.120
91397000|0.0154|1|2024-04-26 15:27:54.120
91400000|0.001|1|2024-04-26 15:27:54.120
91401000|0.0206|1|2024-04-26 15:27:54.120
91402000|0.0203|1|2024-04-26 15:27:54.120
91361000|0.1578|0|2024-04-26 15:27:59.366
91360000|0.0493|0|2024-04-26 15:27:59.366
91359000|0.09|0|2024-04-26 15:27:59.366
91351000|0.0092|0|2024-04-26 15:27:59.366
91350000|0.0609|0|2024-04-26 15:27:59.366
91396000|0.0166|1|2024-04-26 15:27:59.366
91397000|0.0154|1|2024-04-26 15:27:59.366
91400000|0.001|1|2024-04-26 15:27:59.366
91401000|0.0206|1|2024-04-26 15:27:59.366
91402000|0.0203|1|2024-04-26 15:27:59.366
91362000|0.0316|0|2024-04-26 15:28:04.614
91361000|0.1578|0|2024-04-26 15:28:04.614
91360000|0.0495|0|2024-04-26 15:28:04.614
91359000|0.09|0|2024-04-26 15:28:04.614
91351000|0.0092|0|2024-04-26 15:28:04.614
91396000|0.0131|1|2024-04-26 15:28:04.614
91397000|0.0154|1|2024-04-26 15:28:04.614
91400000|0.001|1|2024-04-26 15:28:04.614
91401000|0.0206|1|2024-04-26 15:28:04.614
91402000|0.1295|1|2024-04-26 15:28:04.614
91363000|0.3224|0|2024-04-26 15:28:09.959
91362000|0.0239|0|2024-04-26 15:28:09.959
91361000|0.1578|0|2024-04-26 15:28:09.959
91360000|0.0495|0|2024-04-26 15:28:09.959
91359000|0.0788|0|2024-04-26 15:28:09.959
91395000|0.0154|1|2024-04-26 15:28:09.959
91396000|0.0131|1|2024-04-26 15:28:09.959
91397000|0.0154|1|2024-04-26 15:28:09.959
91398000|0.1092|1|2024-04-26 15:28:09.959
91400000|0.001|1|2024-04-26 15:28:09.959
91363000|0.0003|0|2024-04-26 15:28:15.187
91362000|2.7295|0|2024-04-26 15:28:15.187
91361000|0.1578|0|2024-04-26 15:28:15.187
91360000|0.0003|0|2024-04-26 15:28:15.187
91359000|0.0788|0|2024-04-26 15:28:15.187
91395000|0.0154|1|2024-04-26 15:28:15.187
91396000|0.0131|1|2024-04-26 15:28:15.187
91397000|0.0154|1|2024-04-26 15:28:15.187
91400000|0.001|1|2024-04-26 15:28:15.187
91401000|0.0206|1|2024-04-26 15:28:15.187
91364000|0.1094|0|2024-04-26 15:28:20.418
91362000|0.016|0|2024-04-26 15:28:20.418
91361000|0.1578|0|2024-04-26 15:28:20.418
91360000|0.0001|0|2024-04-26 15:28:20.418
91359000|0.0788|0|2024-04-26 15:28:20.418
91395000|0.0198|1|2024-04-26 15:28:20.418
91396000|0.0129|1|2024-04-26 15:28:20.418
91397000|0.0154|1|2024-04-26 15:28:20.418
91400000|0.001|1|2024-04-26 15:28:20.418
91401000|0.0206|1|2024-04-26 15:28:20.418
91365000|0.0031|0|2024-04-26 15:28:25.678
91364000|0.1095|0|2024-04-26 15:28:25.678
91363000|0.0109|0|2024-04-26 15:28:25.678
91362000|0.0161|0|2024-04-26 15:28:25.678
91361000|0.158|0|2024-04-26 15:28:25.678
91396000|0.4246|1|2024-04-26 15:28:25.678
91397000|0.0154|1|2024-04-26 15:28:25.678
91400000|0.001|1|2024-04-26 15:28:25.678
91401000|0.0206|1|2024-04-26 15:28:25.678
91402000|0.0154|1|2024-04-26 15:28:25.678
91365000|0.0031|0|2024-04-26 15:28:30.924
91364000|0.4397|0|2024-04-26 15:28:30.924
91363000|0.0109|0|2024-04-26 15:28:30.924
91362000|0.0161|0|2024-04-26 15:28:30.924
91361000|0.0632|0|2024-04-26 15:28:30.924
91396000|0.4245|1|2024-04-26 15:28:30.924
91397000|0.0154|1|2024-04-26 15:28:30.924
91400000|0.001|1|2024-04-26 15:28:30.924
91401000|0.0206|1|2024-04-26 15:28:30.924
91403000|0.0093|1|2024-04-26 15:28:30.924
91365000|0.0397|0|2024-04-26 15:28:36.230
91364000|0.0003|0|2024-04-26 15:28:36.230
91363000|0.0109|0|2024-04-26 15:28:36.230
91362000|0.0161|0|2024-04-26 15:28:36.230
91361000|0.0632|0|2024-04-26 15:28:36.230
91395000|0.0198|1|2024-04-26 15:28:36.230
91396000|0.4244|1|2024-04-26 15:28:36.230
91397000|0.0154|1|2024-04-26 15:28:36.230
91400000|0.001|1|2024-04-26 15:28:36.230
91401000|0.0206|1|2024-04-26 15:28:36.230
91366000|0.0948|0|2024-04-26 15:28:41.520
91365000|0.3839|0|2024-04-26 15:28:41.520
91364000|0.0143|0|2024-04-26 15:28:41.520
91363000|0.0109|0|2024-04-26 15:28:41.520
91362000|0.0161|0|2024-04-26 15:28:41.520
91396000|0.3878|1|2024-04-26 15:28:41.520
91397000|0.0154|1|2024-04-26 15:28:41.520
91400000|0.001|1|2024-04-26 15:28:41.520
91401000|0.0206|1|2024-04-26 15:28:41.520
91403000|0.0093|1|2024-04-26 15:28:41.520
91371000|0.2195|0|2024-04-26 15:28:46.827
91370000|0.0131|0|2024-04-26 15:28:46.827
91369000|0.5597|0|2024-04-26 15:28:46.827
91366000|0.1098|0|2024-04-26 15:28:46.827
91365000|0.0399|0|2024-04-26 15:28:46.827
91396000|0.1885|1|2024-04-26 15:28:46.827
91397000|0.0154|1|2024-04-26 15:28:46.827
91400000|0.001|1|2024-04-26 15:28:46.827
91401000|0.0206|1|2024-04-26 15:28:46.827
91403000|0.0093|1|2024-04-26 15:28:46.827
91371000|0.0142|0|2024-04-26 15:28:52.069
91370000|0.0631|0|2024-04-26 15:28:52.069
91369000|0.014|0|2024-04-26 15:28:52.069
91366000|0.015|0|2024-04-26 15:28:52.069
91365000|0.014|0|2024-04-26 15:28:52.069
91396000|0.1425|1|2024-04-26 15:28:52.069
91397000|0.0154|1|2024-04-26 15:28:52.069
91400000|0.001|1|2024-04-26 15:28:52.069
91401000|0.0206|1|2024-04-26 15:28:52.069
91403000|0.0093|1|2024-04-26 15:28:52.069
91396000|0.0002|0|2024-04-26 15:28:57.318
91373000|0.2163|0|2024-04-26 15:28:57.318
91372000|0.0252|0|2024-04-26 15:28:57.318
91371000|0.014|0|2024-04-26 15:28:57.318
91370000|0.0631|0|2024-04-26 15:28:57.318
91401000|0.0175|1|2024-04-26 15:28:57.318
91411000|0.0002|1|2024-04-26 15:28:57.318
91415000|0.0002|1|2024-04-26 15:28:57.318
91450000|0.001|1|2024-04-26 15:28:57.318
91460000|0.0002|1|2024-04-26 15:28:57.318
91397000|0.0001|0|2024-04-26 15:29:02.587
91396000|0.0003|0|2024-04-26 15:29:02.587
91378000|0.33|0|2024-04-26 15:29:02.587
91374000|0.0642|0|2024-04-26 15:29:02.587
91373000|0.0179|0|2024-04-26 15:29:02.587
91401000|0.0115|1|2024-04-26 15:29:02.587
91402000|0.1142|1|2024-04-26 15:29:02.587
91411000|0.0002|1|2024-04-26 15:29:02.587
91415000|0.0002|1|2024-04-26 15:29:02.587
91424000|0.1091|1|2024-04-26 15:29:02.587
91401000|0.0125|0|2024-04-26 15:29:07.829
91397000|0.0927|0|2024-04-26 15:29:07.829
91379000|0.0142|0|2024-04-26 15:29:07.829
91378000|0.014|0|2024-04-26 15:29:07.829
91374000|0.064|0|2024-04-26 15:29:07.829
91402000|0.1112|1|2024-04-26 15:29:07.829
91411000|0.0002|1|2024-04-26 15:29:07.829
91415000|0.0002|1|2024-04-26 15:29:07.829
91450000|0.001|1|2024-04-26 15:29:07.829
91451000|0.118|1|2024-04-26 15:29:07.829
91397000|0.0796|0|2024-04-26 15:29:13.068
91396000|0.0031|0|2024-04-26 15:29:13.068
91379000|0.0143|0|2024-04-26 15:29:13.068
91378000|0.014|0|2024-04-26 15:29:13.068
91374000|0.064|0|2024-04-26 15:29:13.068
91401000|0.1005|1|2024-04-26 15:29:13.068
91402000|0.1082|1|2024-04-26 15:29:13.068
91409000|0.063|1|2024-04-26 15:29:13.068
91411000|0.0002|1|2024-04-26 15:29:13.068
91415000|0.0002|1|2024-04-26 15:29:13.068
91399000|0.0463|0|2024-04-26 15:29:18.298
91397000|0.0003|0|2024-04-26 15:29:18.298
91396000|0.0031|0|2024-04-26 15:29:18.298
91379000|0.0191|0|2024-04-26 15:29:18.298
91378000|0.014|0|2024-04-26 15:29:18.298
91401000|0.0745|1|2024-04-26 15:29:18.298
91402000|0.1082|1|2024-04-26 15:29:18.298
91409000|0.063|1|2024-04-26 15:29:18.298
91411000|0.0002|1|2024-04-26 15:29:18.298
91415000|0.0002|1|2024-04-26 15:29:18.298
91402000|0.0972|0|2024-04-26 15:29:23.549
91399000|0.0032|0|2024-04-26 15:29:23.549
91397000|0.0005|0|2024-04-26 15:29:23.549
91396000|0.0032|0|2024-04-26 15:29:23.549
91379000|0.0191|0|2024-04-26 15:29:23.549
91410000|0.1092|1|2024-04-26 15:29:23.549
91411000|0.0208|1|2024-04-26 15:29:23.549
91415000|0.0002|1|2024-04-26 15:29:23.549
91439000|0.0584|1|2024-04-26 15:29:23.549
91442000|0.0898|1|2024-04-26 15:29:23.549
91400000|0.0025|0|2024-04-26 15:29:28.825
91399000|0|0|2024-04-26 15:29:28.825
91397000|0.0005|0|2024-04-26 15:29:28.825
91396000|0.0032|0|2024-04-26 15:29:28.825
91380000|0.2142|0|2024-04-26 15:29:28.825
91402000|0.0476|1|2024-04-26 15:29:28.825
91409000|0.1092|1|2024-04-26 15:29:28.825
91411000|0.0208|1|2024-04-26 15:29:28.825
91415000|0.0002|1|2024-04-26 15:29:28.825
91450000|0.001|1|2024-04-26 15:29:28.825
91399000|0|0|2024-04-26 15:29:34.071
91397000|0.0005|0|2024-04-26 15:29:34.071
91396000|0.0032|0|2024-04-26 15:29:34.071
91381000|0.2003|0|2024-04-26 15:29:34.071
91380000|0.014|0|2024-04-26 15:29:34.071
91402000|0.0047|1|2024-04-26 15:29:34.071
91409000|0.1092|1|2024-04-26 15:29:34.071
91411000|0.0208|1|2024-04-26 15:29:34.071
91415000|0.0002|1|2024-04-26 15:29:34.071
91448000|0.0898|1|2024-04-26 15:29:34.071
91404000|0.2|0|2024-04-26 15:29:39.326
91402000|0.027|0|2024-04-26 15:29:39.326
91399000|0|0|2024-04-26 15:29:39.326
91398000|0.0012|0|2024-04-26 15:29:39.326
91397000|0.0055|0|2024-04-26 15:29:39.326
91411000|0.0208|1|2024-04-26 15:29:39.326
91415000|0.0002|1|2024-04-26 15:29:39.326
91428000|0.1091|1|2024-04-26 15:29:39.326
91450000|0.001|1|2024-04-26 15:29:39.326
91454000|0.0208|1|2024-04-26 15:29:39.326
91404000|0.2|0|2024-04-26 15:29:44.554
91402000|0.1922|0|2024-04-26 15:29:44.554
91399000|0|0|2024-04-26 15:29:44.554
91398000|0.0012|0|2024-04-26 15:29:44.554
91397000|0.0065|0|2024-04-26 15:29:44.554
91411000|0.0208|1|2024-04-26 15:29:44.554
91415000|0.0002|1|2024-04-26 15:29:44.554
91420000|0.1091|1|2024-04-26 15:29:44.554
91450000|0.001|1|2024-04-26 15:29:44.554
91453000|0.0944|1|2024-04-26 15:29:44.554
91411000|0.001|0|2024-04-26 15:29:49.916
91404000|0.1905|0|2024-04-26 15:29:49.916
91402000|0.1922|0|2024-04-26 15:29:49.916
91399000|0|0|2024-04-26 15:29:49.916
91398000|0.0012|0|2024-04-26 15:29:49.916
91414000|0.0765|1|2024-04-26 15:29:49.916
91415000|0.0002|1|2024-04-26 15:29:49.916
91450000|0.001|1|2024-04-26 15:29:49.916
91453000|0.0937|1|2024-04-26 15:29:49.916
91454000|0.0208|1|2024-04-26 15:29:49.916
91405000|0.0009|0|2024-04-26 15:29:55.193
91402000|0.0657|0|2024-04-26 15:29:55.193
91399000|0|0|2024-04-26 15:29:55.193
91398000|0.0012|0|2024-04-26 15:29:55.193
91397000|0.0066|0|2024-04-26 15:29:55.193
91414000|0.0562|1|2024-04-26 15:29:55.193
91415000|0.0002|1|2024-04-26 15:29:55.193
91419000|0.33|1|2024-04-26 15:29:55.193
91435000|0.0567|1|2024-04-26 15:29:55.193
91450000|0.0552|1|2024-04-26 15:29:55.193
91396000|0.0008|0|2024-04-26 15:30:00.535
91382000|0.2142|0|2024-04-26 15:30:00.535
91381000|0.025|0|2024-04-26 15:30:00.535
91380000|0.0141|0|2024-04-26 15:30:00.535
91379000|0.0191|0|2024-04-26 15:30:00.535
91412000|0.1092|1|2024-04-26 15:30:00.535
91413000|0.3721|1|2024-04-26 15:30:00.535
91414000|0.0088|1|2024-04-26 15:30:00.535
91415000|0.0002|1|2024-04-26 15:30:00.535
91419000|0.33|1|2024-04-26 15:30:00.535
91379000|0|0|2024-04-26 15:30:05.968
91378000|0.0003|0|2024-04-26 15:30:05.968
91372000|0.0001|0|2024-04-26 15:30:05.968
91371000|0.0001|0|2024-04-26 15:30:05.968
91366000|0.001|0|2024-04-26 15:30:05.968
91396000|0.0543|1|2024-04-26 15:30:05.968
91397000|0.0437|1|2024-04-26 15:30:05.968
91398000|0.7392|1|2024-04-26 15:30:05.968
91399000|0.0161|1|2024-04-26 15:30:05.968
91401000|0.011|1|2024-04-26 15:30:05.968
91366000|0.001|0|2024-04-26 15:30:11.271
91364000|0.0001|0|2024-04-26 15:30:11.271
91363000|0.0003|0|2024-04-26 15:30:11.271
91362000|0.0144|0|2024-04-26 15:30:11.271
91361000|0.0102|0|2024-04-26 15:30:11.271
91372000|0.189|1|2024-04-26 15:30:11.271
91399000|0.0161|1|2024-04-26 15:30:11.271
91412000|0.0002|1|2024-04-26 15:30:11.271
91413000|0.0161|1|2024-04-26 15:30:11.271
91414000|0.0088|1|2024-04-26 15:30:11.271
91393000|2.718|0|2024-04-26 15:30:16.580
91377000|0.0503|0|2024-04-26 15:30:16.580
91373000|0.0002|0|2024-04-26 15:30:16.580
91372000|0.0739|0|2024-04-26 15:30:16.580
91371000|0.014|0|2024-04-26 15:30:16.580
91412000|0.0001|1|2024-04-26 15:30:16.580
91413000|0.0161|1|2024-04-26 15:30:16.580
91414000|0.0088|1|2024-04-26 15:30:16.580
91415000|0.0002|1|2024-04-26 15:30:16.580
91450000|0.001|1|2024-04-26 15:30:16.580
91431000|0.0339|0|2024-04-26 15:30:21.986
91430000|1.23|0|2024-04-26 15:30:21.986
91423000|0.0001|0|2024-04-26 15:30:21.986
91420000|0.33|0|2024-04-26 15:30:21.986
91416000|0.0139|0|2024-04-26 15:30:21.986
91464000|0.0168|1|2024-04-26 15:30:21.986
91468000|0.0351|1|2024-04-26 15:30:21.986
91469000|0.0405|1|2024-04-26 15:30:21.986
91470000|0.001|1|2024-04-26 15:30:21.986
91490000|0.0008|1|2024-04-26 15:30:21.986
91430000|0.0002|0|2024-04-26 15:30:27.293
91420000|0.0002|0|2024-04-26 15:30:27.293
91406000|0.014|0|2024-04-26 15:30:27.293
91396000|0.014|0|2024-04-26 15:30:27.293
91395000|0.914|0|2024-04-26 15:30:27.293
91464000|0.0127|1|2024-04-26 15:30:27.293
91466000|0.0588|1|2024-04-26 15:30:27.293
91468000|0.0351|1|2024-04-26 15:30:27.293
91469000|0.0405|1|2024-04-26 15:30:27.293
91470000|0.001|1|2024-04-26 15:30:27.293
91397000|0.0255|0|2024-04-26 15:30:32.654
91396000|0.0074|0|2024-04-26 15:30:32.654
91395000|0.9142|0|2024-04-26 15:30:32.654
91392000|1.814|0|2024-04-26 15:30:32.654
91390000|0.014|0|2024-04-26 15:30:32.654
91464000|0.0125|1|2024-04-26 15:30:32.654
91466000|0.0588|1|2024-04-26 15:30:32.654
91468000|0.0351|1|2024-04-26 15:30:32.654
91469000|0.0407|1|2024-04-26 15:30:32.654
91470000|0.001|1|2024-04-26 15:30:32.654
91397000|0.214|0|2024-04-26 15:30:37.895
91396000|0.0098|0|2024-04-26 15:30:37.895
91395000|0.0141|0|2024-04-26 15:30:37.895
91392000|0.014|0|2024-04-26 15:30:37.895
91390000|0.014|0|2024-04-26 15:30:37.895
91458000|0.0588|1|2024-04-26 15:30:37.895
91459000|0.1744|1|2024-04-26 15:30:37.895
91460000|0.0558|1|2024-04-26 15:30:37.895
91461000|0.0544|1|2024-04-26 15:30:37.895
91463000|0.0182|1|2024-04-26 15:30:37.895
91401000|0.2|0|2024-04-26 15:30:43.126
91400000|0.1141|0|2024-04-26 15:30:43.126
91398000|0.0148|0|2024-04-26 15:30:43.126
91397000|0.0142|0|2024-04-26 15:30:43.126
91396000|0.0074|0|2024-04-26 15:30:43.126
91452000|0.0601|1|2024-04-26 15:30:43.126
91453000|0.1228|1|2024-04-26 15:30:43.126
91454000|0.0584|1|2024-04-26 15:30:43.126
91455000|0.0743|1|2024-04-26 15:30:43.126
91456000|0.0346|1|2024-04-26 15:30:43.126
91401000|0.0841|0|2024-04-26 15:30:48.376
91400000|0.0143|0|2024-04-26 15:30:48.376
91398000|0.0148|0|2024-04-26 15:30:48.376
91397000|0.0152|0|2024-04-26 15:30:48.376
91396000|0.0074|0|2024-04-26 15:30:48.376
91439000|0.0583|1|2024-04-26 15:30:48.376
91440000|0.2426|1|2024-04-26 15:30:48.376
91441000|0.0706|1|2024-04-26 15:30:48.376
91442000|0.0652|1|2024-04-26 15:30:48.376
91444000|0.06|1|2024-04-26 15:30:48.376
91396000|0.002|0|2024-04-26 15:30:53.842
91395000|0.0001|0|2024-04-26 15:30:53.842
91392000|0.017|0|2024-04-26 15:30:53.842
91390000|0.014|0|2024-04-26 15:30:53.842
91387000|0.014|0|2024-04-26 15:30:53.842
91432000|0.0564|1|2024-04-26 15:30:53.842
91433000|0.18|1|2024-04-26 15:30:53.842
91434000|0.1091|1|2024-04-26 15:30:53.842
91436000|0.06|1|2024-04-26 15:30:53.842
91437000|0.061|1|2024-04-26 15:30:53.842
91401000|0.0018|0|2024-04-26 15:30:59.097
91396000|0.002|0|2024-04-26 15:30:59.097
91395000|0.0001|0|2024-04-26 15:30:59.097
91394000|0.2142|0|2024-04-26 15:30:59.097
91393000|0.014|0|2024-04-26 15:30:59.097
91437000|0.0002|1|2024-04-26 15:30:59.097
91448000|0.1091|1|2024-04-26 15:30:59.097
91449000|0.0577|1|2024-04-26 15:30:59.097
91460000|0.1241|1|2024-04-26 15:30:59.097
91461000|0.063|1|2024-04-26 15:30:59.097
91402000|0.0989|0|2024-04-26 15:31:04.325
91394000|0.9003|0|2024-04-26 15:31:04.325
91393000|0.014|0|2024-04-26 15:31:04.325
91392000|0.017|0|2024-04-26 15:31:04.325
91390000|0.014|0|2024-04-26 15:31:04.325
91436000|0.0591|1|2024-04-26 15:31:04.325
91437000|0.0002|1|2024-04-26 15:31:04.325
91463000|0.0182|1|2024-04-26 15:31:04.325
91464000|0.0125|1|2024-04-26 15:31:04.325
91468000|0.0351|1|2024-04-26 15:31:04.325
91418000|0.0502|0|2024-04-26 15:31:09.755
91415000|0.0388|0|2024-04-26 15:31:09.755
91414000|0.0139|0|2024-04-26 15:31:09.755
91413000|0.9354|0|2024-04-26 15:31:09.755
91412000|0.0336|0|2024-04-26 15:31:09.755
91436000|0.0017|1|2024-04-26 15:31:09.755
91437000|0.0002|1|2024-04-26 15:31:09.755
91463000|0.0182|1|2024-04-26 15:31:09.755
91464000|0.0125|1|2024-04-26 15:31:09.755
91468000|0.0351|1|2024-04-26 15:31:09.755
91418000|0.014|0|2024-04-26 15:31:15.008
91414000|0.014|0|2024-04-26 15:31:15.008
91413000|0.9142|0|2024-04-26 15:31:15.008
91411000|0.0437|0|2024-04-26 15:31:15.008
91408000|0.0236|0|2024-04-26 15:31:15.008
91458000|0.0002|1|2024-04-26 15:31:15.008
91460000|0.0718|1|2024-04-26 15:31:15.008
91461000|0.0001|1|2024-04-26 15:31:15.008
91462000|0.0001|1|2024-04-26 15:31:15.008
91463000|0.0184|1|2024-04-26 15:31:15.008
91436000|0.0006|0|2024-04-26 15:31:20.248
91435000|0.0151|0|2024-04-26 15:31:20.248
91422000|0.0578|0|2024-04-26 15:31:20.248
91418000|0.0515|0|2024-04-26 15:31:20.248
91417000|0.0141|0|2024-04-26 15:31:20.248
91463000|0.0007|1|2024-04-26 15:31:20.248
91464000|0.0125|1|2024-04-26 15:31:20.248
91468000|0.0351|1|2024-04-26 15:31:20.248
91469000|0.0409|1|2024-04-26 15:31:20.248
91470000|0.0041|1|2024-04-26 15:31:20.248
91463000|0.0533|0|2024-04-26 15:31:25.483
91437000|0.05|0|2024-04-26 15:31:25.483
91436000|0.0031|0|2024-04-26 15:31:25.483
91435000|0.0011|0|2024-04-26 15:31:25.483
91433000|0.0222|0|2024-04-26 15:31:25.483
91468000|0.0277|1|2024-04-26 15:31:25.483
91469000|0.0407|1|2024-04-26 15:31:25.483
91470000|0.001|1|2024-04-26 15:31:25.483
91480000|0.0002|1|2024-04-26 15:31:25.483
91481000|0.0031|1|2024-04-26 15:31:25.483
91463000|0.0006|0|2024-04-26 15:31:30.766
91437000|0.05|0|2024-04-26 15:31:30.766
91436000|0.0025|0|2024-04-26 15:31:30.766
91435000|0.0011|0|2024-04-26 15:31:30.766
91428000|0.0142|0|2024-04-26 15:31:30.766
91468000|0.0263|1|2024-04-26 15:31:30.766
91469000|0.0407|1|2024-04-26 15:31:30.766
91470000|0.001|1|2024-04-26 15:31:30.766
91472000|0.0543|1|2024-04-26 15:31:30.766
91480000|0.0002|1|2024-04-26 15:31:30.766
91464000|0.0037|0|2024-04-26 15:31:35.993
91437000|0.064|0|2024-04-26 15:31:35.993
91436000|0.0167|0|2024-04-26 15:31:35.993
91435000|0.0151|0|2024-04-26 15:31:35.993
91428000|0.014|0|2024-04-26 15:31:35.993
91465000|0.0577|1|2024-04-26 15:31:35.993
91466000|1.2444|1|2024-04-26 15:31:35.993
91469000|0.0407|1|2024-04-26 15:31:35.993
91470000|0.001|1|2024-04-26 15:31:35.993
91472000|0.0543|1|2024-04-26 15:31:35.993
91439000|0.029|0|2024-04-26 15:31:41.465
91438000|0.014|0|2024-04-26 15:31:41.465
91437000|0.064|0|2024-04-26 15:31:41.465
91436000|0.0167|0|2024-04-26 15:31:41.465
91435000|0.0151|0|2024-04-26 15:31:41.465
91461000|0.1837|1|2024-04-26 15:31:41.465
91462000|0.1061|1|2024-04-26 15:31:41.465
91464000|1.2961|1|2024-04-26 15:31:41.465
91465000|0.0577|1|2024-04-26 15:31:41.465
91466000|1.2444|1|2024-04-26 15:31:41.465
91442000|0.028|0|2024-04-26 15:31:46.821
91441000|0.014|0|2024-04-26 15:31:46.821
91440000|0.014|0|2024-04-26 15:31:46.821
91439000|0.029|0|2024-04-26 15:31:46.821
91438000|0.0171|0|2024-04-26 15:31:46.821
91460000|0.6484|1|2024-04-26 15:31:46.821
91464000|1.2961|1|2024-04-26 15:31:46.821
91466000|1.3075|1|2024-04-26 15:31:46.821
91469000|0.0407|1|2024-04-26 15:31:46.821
91470000|0.001|1|2024-04-26 15:31:46.821
91439000|0.001|0|2024-04-26 15:31:52.166
91438000|0.0031|0|2024-04-26 15:31:52.166
91437000|0.05|0|2024-04-26 15:31:52.166
91436000|0.0027|0|2024-04-26 15:31:52.166
91435000|0.0011|0|2024-04-26 15:31:52.166
91459000|0.0591|1|2024-04-26 15:31:52.166
91460000|0.5272|1|2024-04-26 15:31:52.166
91464000|1.2961|1|2024-04-26 15:31:52.166
91466000|1.2444|1|2024-04-26 15:31:52.166
91469000|0.0407|1|2024-04-26 15:31:52.166
91441000|0|0|2024-04-26 15:31:57.425
91437000|0.0649|0|2024-04-26 15:31:57.425
91436000|0.0027|0|2024-04-26 15:31:57.425
91435000|0.0011|0|2024-04-26 15:31:57.425
91428000|0.014|0|2024-04-26 15:31:57.425
91458000|0.0031|1|2024-04-26 15:31:57.425
91460000|0.5272|1|2024-04-26 15:31:57.425
91464000|1.2961|1|2024-04-26 15:31:57.425
91466000|1.8959|1|2024-04-26 15:31:57.425
91469000|0.0407|1|2024-04-26 15:31:57.425
91437000|0.0481|0|2024-04-26 15:32:02.690
91436000|0.0027|0|2024-04-26 15:32:02.690
91435000|0.0011|0|2024-04-26 15:32:02.690
91428000|0.014|0|2024-04-26 15:32:02.690
91426000|0.014|0|2024-04-26 15:32:02.690
91460000|0.5242|1|2024-04-26 15:32:02.690
91464000|1.2961|1|2024-04-26 15:32:02.690
91466000|1.8959|1|2024-04-26 15:32:02.690
91469000|0.0407|1|2024-04-26 15:32:02.690
91470000|0.6524|1|2024-04-26 15:32:02.690
91438000|0.1967|0|2024-04-26 15:32:07.943
91437000|0.0579|0|2024-04-26 15:32:07.943
91436000|0.0027|0|2024-04-26 15:32:07.943
91435000|0.0011|0|2024-04-26 15:32:07.943
91428000|0.014|0|2024-04-26 15:32:07.943
91459000|0.0176|1|2024-04-26 15:32:07.943
91460000|0.5212|1|2024-04-26 15:32:07.943
91464000|1.2961|1|2024-04-26 15:32:07.943
91466000|1.8959|1|2024-04-26 15:32:07.943
91469000|0.0407|1|2024-04-26 15:32:07.943
91438000|0.0911|0|2024-04-26 15:32:13.183
91437000|0.0579|0|2024-04-26 15:32:13.183
91436000|0.0027|0|2024-04-26 15:32:13.183
91435000|0.0011|0|2024-04-26 15:32:13.183
91428000|0.014|0|2024-04-26 15:32:13.183
91458000|0.1126|1|2024-04-26 15:32:13.183
91460000|0.5133|1|2024-04-26 15:32:13.183
91464000|1.2961|1|2024-04-26 15:32:13.183
91466000|1.8959|1|2024-04-26 15:32:13.183
91469000|0.0407|1|2024-04-26 15:32:13.183
91457000|0.0001|0|2024-04-26 15:32:18.435
91438000|0.1056|0|2024-04-26 15:32:18.435
91437000|0.0917|0|2024-04-26 15:32:18.435
91436000|0.0027|0|2024-04-26 15:32:18.435
91435000|0.0011|0|2024-04-26 15:32:18.435
91460000|0.5103|1|2024-04-26 15:32:18.435
91464000|1.2961|1|2024-04-26 15:32:18.435
91466000|1.8959|1|2024-04-26 15:32:18.435
91469000|0.0407|1|2024-04-26 15:32:18.435
91470000|0.6524|1|2024-04-26 15:32:18.435
91457000|0.0001|0|2024-04-26 15:32:23.675
91438000|0.0052|0|2024-04-26 15:32:23.675
91437000|0.0777|0|2024-04-26 15:32:23.675
91436000|0.0027|0|2024-04-26 15:32:23.675
91435000|0.0011|0|2024-04-26 15:32:23.675
91460000|0.4266|1|2024-04-26 15:32:23.675
91464000|1.2961|1|2024-04-26 15:32:23.675
91466000|1.8959|1|2024-04-26 15:32:23.675
91469000|0.0407|1|2024-04-26 15:32:23.675
91470000|0.6524|1|2024-04-26 15:32:23.675
91438000|0|0|2024-04-26 15:32:28.902
91437000|0.0777|0|2024-04-26 15:32:28.902
91436000|0.0027|0|2024-04-26 15:32:28.902
91435000|0.0011|0|2024-04-26 15:32:28.902
91434000|0.0002|0|2024-04-26 15:32:28.902
91460000|0.4325|1|2024-04-26 15:32:28.902
91464000|1.2961|1|2024-04-26 15:32:28.902
91466000|1.8959|1|2024-04-26 15:32:28.902
91469000|0.0407|1|2024-04-26 15:32:28.902
91470000|0.6524|1|2024-04-26 15:32:28.902
91459000|0.0349|0|2024-04-26 15:32:34.147
91432000|0.0077|0|2024-04-26 15:32:34.147
91419000|0.014|0|2024-04-26 15:32:34.147
91410000|0.3311|0|2024-04-26 15:32:34.147
91409000|0.9001|0|2024-04-26 15:32:34.147
91460000|0.4299|1|2024-04-26 15:32:34.147
91464000|1.2961|1|2024-04-26 15:32:34.147
91466000|1.8959|1|2024-04-26 15:32:34.147
91469000|0.0407|1|2024-04-26 15:32:34.147
91470000|0.6524|1|2024-04-26 15:32:34.147
91459000|0.0153|0|2024-04-26 15:32:39.385
91440000|0.0047|0|2024-04-26 15:32:39.385
91432000|0.0077|0|2024-04-26 15:32:39.385
91421000|0.0644|0|2024-04-26 15:32:39.385
91419000|0.014|0|2024-04-26 15:32:39.385
91460000|0.4321|1|2024-04-26 15:32:39.385
91464000|1.2961|1|2024-04-26 15:32:39.385
91466000|1.8959|1|2024-04-26 15:32:39.385
91469000|0.0407|1|2024-04-26 15:32:39.385
91470000|0.6524|1|2024-04-26 15:32:39.385
91460000|0.05|0|2024-04-26 15:32:44.659
91459000|0.0022|0|2024-04-26 15:32:44.659
91441000|0.0504|0|2024-04-26 15:32:44.659
91440000|0.0047|0|2024-04-26 15:32:44.659
91433000|0.0239|0|2024-04-26 15:32:44.659
91466000|1.1151|1|2024-04-26 15:32:44.659
91469000|0.0407|1|2024-04-26 15:32:44.659
91470000|0.6524|1|2024-04-26 15:32:44.659
91480000|0.6516|1|2024-04-26 15:32:44.659
91490000|0.0008|1|2024-04-26 15:32:44.659
91461000|0.0151|0|2024-04-26 15:32:49.908
91460000|0.064|0|2024-04-26 15:32:49.908
91459000|0.014|0|2024-04-26 15:32:49.908
91454000|0.015|0|2024-04-26 15:32:49.908
91441000|0.0644|0|2024-04-26 15:32:49.908
91466000|0.0443|1|2024-04-26 15:32:49.908
91469000|0.0407|1|2024-04-26 15:32:49.908
91470000|0.6524|1|2024-04-26 15:32:49.908
91480000|0.6516|1|2024-04-26 15:32:49.908
91490000|0.0008|1|2024-04-26 15:32:49.908
91466000|0.0001|0|2024-04-26 15:32:55.230
91461000|0.0011|0|2024-04-26 15:32:55.230
91460000|0.064|0|2024-04-26 15:32:55.230
91454000|0.001|0|2024-04-26 15:32:55.230
91440000|0.0049|0|2024-04-26 15:32:55.230
91469000|0.0332|1|2024-04-26 15:32:55.230
91470000|0.6524|1|2024-04-26 15:32:55.230
91480000|0.6516|1|2024-04-26 15:32:55.230
91490000|0.0008|1|2024-04-26 15:32:55.230
91500000|0.3586|1|2024-04-26 15:32:55.230
91466000|0.0001|0|2024-04-26 15:33:00.481
91461000|0.0011|0|2024-04-26 15:33:00.481
91454000|0.001|0|2024-04-26 15:33:00.481
91440000|0.0047|0|2024-04-26 15:33:00.481
91439000|0.0003|0|2024-04-26 15:33:00.481
91470000|0.5657|1|2024-04-26 15:33:00.481
91480000|0.6516|1|2024-04-26 15:33:00.481
91490000|0.0008|1|2024-04-26 15:33:00.481
91500000|0.3586|1|2024-04-26 15:33:00.481
91501000|0.0002|1|2024-04-26 15:33:00.481
91466000|0.3003|0|2024-04-26 15:33:05.744
91461000|0.0011|0|2024-04-26 15:33:05.744
91440000|0.0047|0|2024-04-26 15:33:05.744
91439000|0.0002|0|2024-04-26 15:33:05.744
91425000|0.0643|0|2024-04-26 15:33:05.744
91470000|0.5629|1|2024-04-26 15:33:05.744
91480000|0.6516|1|2024-04-26 15:33:05.744
91490000|0.0008|1|2024-04-26 15:33:05.744
91494000|0.1091|1|2024-04-26 15:33:05.744
91500000|0.3586|1|2024-04-26 15:33:05.744
91466000|0.2703|0|2024-04-26 15:33:10.973
91461000|0.0011|0|2024-04-26 15:33:10.973
91440000|0.0047|0|2024-04-26 15:33:10.973
91439000|0.0002|0|2024-04-26 15:33:10.973
91427000|0.344|0|2024-04-26 15:33:10.973
91470000|0.5512|1|2024-04-26 15:33:10.973
91480000|0.6516|1|2024-04-26 15:33:10.973
91490000|0.0008|1|2024-04-26 15:33:10.973
91494000|0.1091|1|2024-04-26 15:33:10.973
91500000|0.3586|1|2024-04-26 15:33:10.973
91466000|0.2676|0|2024-04-26 15:33:16.355
91461000|0.0011|0|2024-04-26 15:33:16.355
91440000|0.0047|0|2024-04-26 15:33:16.355
91439000|0.0002|0|2024-04-26 15:33:16.355
91427000|0.014|0|2024-04-26 15:33:16.355
91470000|0.5482|1|2024-04-26 15:33:16.355
91480000|0.6516|1|2024-04-26 15:33:16.355
91490000|0.0008|1|2024-04-26 15:33:16.355
91500000|0.3586|1|2024-04-26 15:33:16.355
91501000|0.4393|1|2024-04-26 15:33:16.355
91466000|0.2638|0|2024-04-26 15:33:21.674
91461000|0.0011|0|2024-04-26 15:33:21.674
91440000|0.0047|0|2024-04-26 15:33:21.674
91439000|0.0002|0|2024-04-26 15:33:21.674
91437000|0.0002|0|2024-04-26 15:33:21.674
91470000|0.5482|1|2024-04-26 15:33:21.674
91480000|0.6516|1|2024-04-26 15:33:21.674
91490000|0.0008|1|2024-04-26 15:33:21.674
91500000|0.3586|1|2024-04-26 15:33:21.674
91501000|0.3302|1|2024-04-26 15:33:21.674
91467000|0.2333|0|2024-04-26 15:33:26.956
91466000|0.0002|0|2024-04-26 15:33:26.956
91461000|0.0011|0|2024-04-26 15:33:26.956
91439000|0.0504|0|2024-04-26 15:33:26.956
91434000|0.0008|0|2024-04-26 15:33:26.956
91470000|0.5439|1|2024-04-26 15:33:26.956
91480000|0.6516|1|2024-04-26 15:33:26.956
91490000|0.0008|1|2024-04-26 15:33:26.956
91500000|0.3586|1|2024-04-26 15:33:26.956
91501000|0.0002|1|2024-04-26 15:33:26.956
91467000|0.1857|0|2024-04-26 15:33:32.178
91466000|0.0002|0|2024-04-26 15:33:32.178
91461000|0.0011|0|2024-04-26 15:33:32.178
91434000|0.0016|0|2024-04-26 15:33:32.178
91427000|0.3804|0|2024-04-26 15:33:32.178
91470000|0.5421|1|2024-04-26 15:33:32.178
91480000|0.6516|1|2024-04-26 15:33:32.178
91490000|0.0008|1|2024-04-26 15:33:32.178
91500000|0.3586|1|2024-04-26 15:33:32.178
91501000|0.0002|1|2024-04-26 15:33:32.178
91444000|0.0007|0|2024-04-26 15:33:37.523
91434000|0.0016|0|2024-04-26 15:33:37.523
91420000|0.0047|0|2024-04-26 15:33:37.523
91417000|0.0043|0|2024-04-26 15:33:37.523
91412000|0.0009|0|2024-04-26 15:33:37.523
91461000|0.0075|1|2024-04-26 15:33:37.523
91462000|0.1737|1|2024-04-26 15:33:37.523
91464000|0.0056|1|2024-04-26 15:33:37.523
91467000|0.0038|1|2024-04-26 15:33:37.523
91468000|0.1091|1|2024-04-26 15:33:37.523
91417000|0|0|2024-04-26 15:33:42.957
91412000|0.2011|0|2024-04-26 15:33:42.957
91411000|0.0173|0|2024-04-26 15:33:42.957
91409000|0.0003|0|2024-04-26 15:33:42.957
91403000|0.0001|0|2024-04-26 15:33:42.957
91446000|0.1091|1|2024-04-26 15:33:42.957
91447000|0.063|1|2024-04-26 15:33:42.957
91470000|0.5994|1|2024-04-26 15:33:42.957
91480000|0.6516|1|2024-04-26 15:33:42.957
91481000|0.0618|1|2024-04-26 15:33:42.957
91412000|0.1014|0|2024-04-26 15:33:48.191
91411000|0.0173|0|2024-04-26 15:33:48.191
91409000|0.0001|0|2024-04-26 15:33:48.191
91403000|0.0001|0|2024-04-26 15:33:48.191
91400000|0.0142|0|2024-04-26 15:33:48.191
91445000|0.3|1|2024-04-26 15:33:48.191
91455000|0.063|1|2024-04-26 15:33:48.191
91458000|0.0592|1|2024-04-26 15:33:48.191
91470000|0.5994|1|2024-04-26 15:33:48.191
91480000|0.6516|1|2024-04-26 15:33:48.191
91412000|0.0173|0|2024-04-26 15:33:53.455
91411000|0|0|2024-04-26 15:33:53.455
91409000|0.0001|0|2024-04-26 15:33:53.455
91403000|0.0001|0|2024-04-26 15:33:53.455
91400000|0.0142|0|2024-04-26 15:33:53.455
91444000|0.2015|1|2024-04-26 15:33:53.455
91445000|0.2994|1|2024-04-26 15:33:53.455
91446000|0.0653|1|2024-04-26 15:33:53.455
91447000|0.0297|1|2024-04-26 15:33:53.455
91458000|0.0592|1|2024-04-26 15:33:53.455
91399000|0.028|0|2024-04-26 15:33:58.698
91398000|0.0002|0|2024-04-26 15:33:58.698
91396000|0.0003|0|2024-04-26 15:33:58.698
91394000|0.0031|0|2024-04-26 15:33:58.698
91391000|0.0143|0|2024-04-26 15:33:58.698
91432000|0.0597|1|2024-04-26 15:33:58.698
91433000|0.2994|1|2024-04-26 15:33:58.698
91435000|0.1091|1|2024-04-26 15:33:58.698
91438000|0.0683|1|2024-04-26 15:33:58.698
91440000|0.0626|1|2024-04-26 15:33:58.698
91396000|0.0003|0|2024-04-26 15:34:03.996
91391000|0.0133|0|2024-04-26 15:34:03.996
91388000|0.01|0|2024-04-26 15:34:03.996
91387000|0.0001|0|2024-04-26 15:34:03.996
91379000|0.0141|0|2024-04-26 15:34:03.996
91401000|0.0851|1|2024-04-26 15:34:03.996
91402000|0.0713|1|2024-04-26 15:34:03.996
91420000|0.0551|1|2024-04-26 15:34:03.996
91421000|0.1687|1|2024-04-26 15:34:03.996
91422000|0.0571|1|2024-04-26 15:34:03.996
91372000|0|0|2024-04-26 15:34:09.243
91366000|0.0059|0|2024-04-26 15:34:09.243
91364000|0.0001|0|2024-04-26 15:34:09.243
91363000|0.0001|0|2024-04-26 15:34:09.243
91362000|0.0088|0|2024-04-26 15:34:09.243
91392000|0.0514|1|2024-04-26 15:34:09.243
91393000|0.1092|1|2024-04-26 15:34:09.243
91395000|0.0002|1|2024-04-26 15:34:09.243
91398000|0.0609|1|2024-04-26 15:34:09.243
91399000|0.0141|1|2024-04-26 15:34:09.243
91360000|0.197|0|2024-04-26 15:34:14.750
91359000|0.0501|0|2024-04-26 15:34:14.750
91355000|0.0144|0|2024-04-26 15:34:14.750
91354000|0.0242|0|2024-04-26 15:34:14.750
91351000|0.0001|0|2024-04-26 15:34:14.750
91385000|0.1092|1|2024-04-26 15:34:14.750
91386000|0.0511|1|2024-04-26 15:34:14.750
91387000|0.2964|1|2024-04-26 15:34:14.750
91389000|0.0601|1|2024-04-26 15:34:14.750
91395000|0.0002|1|2024-04-26 15:34:14.750
91360000|0.0002|0|2024-04-26 15:34:19.991
91359000|0.0501|0|2024-04-26 15:34:19.991
91355000|0.0005|0|2024-04-26 15:34:19.991
91354000|0.0242|0|2024-04-26 15:34:19.991
91351000|0.0001|0|2024-04-26 15:34:19.991
91375000|0.2545|1|2024-04-26 15:34:19.991
91395000|0.0002|1|2024-04-26 15:34:19.991
91400000|0.02|1|2024-04-26 15:34:19.991
91402000|0.0002|1|2024-04-26 15:34:19.991
91407000|0.0559|1|2024-04-26 15:34:19.991
91351000|0.1193|0|2024-04-26 15:34:25.300
91350000|0.0613|0|2024-04-26 15:34:25.300
91348000|0.3442|0|2024-04-26 15:34:25.300
91346000|0.0032|0|2024-04-26 15:34:25.300
91343000|0.0145|0|2024-04-26 15:34:25.300
91375000|0.2497|1|2024-04-26 15:34:25.300
91395000|0.0002|1|2024-04-26 15:34:25.300
91400000|0.02|1|2024-04-26 15:34:25.300
91402000|0.0002|1|2024-04-26 15:34:25.300
91430000|0.0634|1|2024-04-26 15:34:25.300
91350000|0.0613|0|2024-04-26 15:34:30.536
91348000|0.0002|0|2024-04-26 15:34:30.536
91346000|0.0032|0|2024-04-26 15:34:30.536
91343000|0.0052|0|2024-04-26 15:34:30.536
91340000|0.0017|0|2024-04-26 15:34:30.536
91373000|0.082|1|2024-04-26 15:34:30.536
91374000|0.2308|1|2024-04-26 15:34:30.536
91375000|0.0002|1|2024-04-26 15:34:30.536
91384000|0.063|1|2024-04-26 15:34:30.536
91395000|0.0002|1|2024-04-26 15:34:30.536
91346000|0.0032|0|2024-04-26 15:34:35.830
91343000|0.0053|0|2024-04-26 15:34:35.830
91340000|0.0017|0|2024-04-26 15:34:35.830
91339000|0.0089|0|2024-04-26 15:34:35.830
91336000|0.0103|0|2024-04-26 15:34:35.830
91348000|0.0838|1|2024-04-26 15:34:35.830
91350000|0.0011|1|2024-04-26 15:34:35.830
91351000|0.2937|1|2024-04-26 15:34:35.830
91352000|0.0624|1|2024-04-26 15:34:35.830
91375000|0.0002|1|2024-04-26 15:34:35.830
91340000|0.142|0|2024-04-26 15:34:41.070
91339000|0.0041|0|2024-04-26 15:34:41.070
91336000|0.0103|0|2024-04-26 15:34:41.070
91335000|0.0009|0|2024-04-26 15:34:41.070
91333000|0.0142|0|2024-04-26 15:34:41.070
91351000|0.2307|1|2024-04-26 15:34:41.070
91352000|0.0624|1|2024-04-26 15:34:41.070
91365000|0.0553|1|2024-04-26 15:34:41.070
91375000|0.0002|1|2024-04-26 15:34:41.070
91383000|0.0615|1|2024-04-26 15:34:41.070
91342000|0.008|0|2024-04-26 15:34:46.329
91341000|0.001|0|2024-04-26 15:34:46.329
91339000|0.0041|0|2024-04-26 15:34:46.329
91337000|0.2|0|2024-04-26 15:34:46.329
91336000|0.0103|0|2024-04-26 15:34:46.329
91350000|0.0103|1|2024-04-26 15:34:46.329
91351000|0.2001|1|2024-04-26 15:34:46.329
91375000|0.0002|1|2024-04-26 15:34:46.329
91395000|0.0002|1|2024-04-26 15:34:46.329
91400000|0.0211|1|2024-04-26 15:34:46.329
91340000|0.0004|0|2024-04-26 15:34:51.564
91336000|0.0021|0|2024-04-26 15:34:51.564
91335000|0.0009|0|2024-04-26 15:34:51.564
91334000|0.2142|0|2024-04-26 15:34:51.564
91333000|0.0142|0|2024-04-26 15:34:51.564
91350000|0.1889|1|2024-04-26 15:34:51.564
91375000|0.0002|1|2024-04-26 15:34:51.564
91395000|0.0002|1|2024-04-26 15:34:51.564
91400000|0.0211|1|2024-04-26 15:34:51.564
91402000|0.0002|1|2024-04-26 15:34:51.564
91336000|0.0001|0|2024-04-26 15:34:56.799
91334000|0.2058|0|2024-04-26 15:34:56.799
91333000|0.0243|0|2024-04-26 15:34:56.799
91332000|0.0141|0|2024-04-26 15:34:56.799
91331000|0.0029|0|2024-04-26 15:34:56.799
91349000|0.1292|1|2024-04-26 15:34:56.799
91363000|0.0631|1|2024-04-26 15:34:56.799
91400000|0.0078|1|2024-04-26 15:34:56.799
91402000|0.0002|1|2024-04-26 15:34:56.799
91409000|0.0637|1|2024-04-26 15:34:56.799
91336000|0.0001|0|2024-04-26 15:35:02.499
91334000|0.2059|0|2024-04-26 15:35:02.499
91333000|0.0252|0|2024-04-26 15:35:02.499
91332000|0.0141|0|2024-04-26 15:35:02.499
91331000|0.0029|0|2024-04-26 15:35:02.499
91349000|0.1092|1|2024-04-26 15:35:02.499
91363000|0.0631|1|2024-04-26 15:35:02.499
91400000|0.0078|1|2024-04-26 15:35:02.499
91402000|0.0002|1|2024-04-26 15:35:02.499
91409000|0.0637|1|2024-04-26 15:35:02.499
91334000|0.1853|0|2024-04-26 15:35:07.945
91333000|0.0252|0|2024-04-26 15:35:07.945
91332000|0.0141|0|2024-04-26 15:35:07.945
91331000|0.017|0|2024-04-26 15:35:07.945
91330000|0.0115|0|2024-04-26 15:35:07.945
91336000|0.0392|1|2024-04-26 15:35:07.945
91372000|0.33|1|2024-04-26 15:35:07.945
91394000|0.0586|1|2024-04-26 15:35:07.945
91400000|0.0078|1|2024-04-26 15:35:07.945
91402000|0.0002|1|2024-04-26 15:35:07.945
91334000|0.1853|0|2024-04-26 15:35:13.213
91333000|0.0252|0|2024-04-26 15:35:13.213
91332000|0.0141|0|2024-04-26 15:35:13.213
91331000|0.017|0|2024-04-26 15:35:13.213
91330000|0.0115|0|2024-04-26 15:35:13.213
91336000|0.0352|1|2024-04-26 15:35:13.213
91400000|0.0078|1|2024-04-26 15:35:13.213
91402000|0.3302|1|2024-04-26 15:35:13.213
91419000|0.064|1|2024-04-26 15:35:13.213
91444000|0.0002|1|2024-04-26 15:35:13.213
91363000|0.0082|0|2024-04-26 15:35:18.461
91334000|0.0244|0|2024-04-26 15:35:18.461
91333000|0.025|0|2024-04-26 15:35:18.461
91332000|0.0141|0|2024-04-26 15:35:18.461
91331000|0.017|0|2024-04-26 15:35:18.461
91398000|0.33|1|2024-04-26 15:35:18.461
91399000|0.0252|1|2024-04-26 15:35:18.461
91400000|0.0078|1|2024-04-26 15:35:18.461
91402000|0.0002|1|2024-04-26 15:35:18.461
91408000|0.0538|1|2024-04-26 15:35:18.461
91335000|0.1937|0|2024-04-26 15:35:23.707
91334000|0.0209|0|2024-04-26 15:35:23.707
91333000|0.025|0|2024-04-26 15:35:23.707
91332000|0.0141|0|2024-04-26 15:35:23.707
91331000|0.017|0|2024-04-26 15:35:23.707
91336000|0.0787|1|2024-04-26 15:35:23.707
91363000|0.0631|1|2024-04-26 15:35:23.707
91364000|0.2809|1|2024-04-26 15:35:23.707
91384000|0.0571|1|2024-04-26 15:35:23.707
91395000|0.477|1|2024-04-26 15:35:23.707
91337000|0.2|0|2024-04-26 15:35:28.942
91336000|0.01|0|2024-04-26 15:35:28.942
91334000|0.0209|0|2024-04-26 15:35:28.942
91333000|0.025|0|2024-04-26 15:35:28.942
91332000|0.0141|0|2024-04-26 15:35:28.942
91399000|0.0078|1|2024-04-26 15:35:28.942
91400000|0.0078|1|2024-04-26 15:35:28.942
91402000|0.0002|1|2024-04-26 15:35:28.942
91421000|0.33|1|2024-04-26 15:35:28.942
91424000|0.0624|1|2024-04-26 15:35:28.942
91338000|0.0001|0|2024-04-26 15:35:34.217
91337000|0.2011|0|2024-04-26 15:35:34.217
91336000|0.0105|0|2024-04-26 15:35:34.217
91334000|0.0209|0|2024-04-26 15:35:34.217
91333000|0.025|0|2024-04-26 15:35:34.217
91399000|0.0078|1|2024-04-26 15:35:34.217
91400000|0.0078|1|2024-04-26 15:35:34.217
91402000|0.0002|1|2024-04-26 15:35:34.217
91405000|0.33|1|2024-04-26 15:35:34.217
91424000|0.0624|1|2024-04-26 15:35:34.217
91337000|0.173|0|2024-04-26 15:35:39.485
91336000|0.0105|0|2024-04-26 15:35:39.485
91334000|0.0209|0|2024-04-26 15:35:39.485
91333000|0.025|0|2024-04-26 15:35:39.485
91332000|0.0141|0|2024-04-26 15:35:39.485
91398000|0.0184|1|2024-04-26 15:35:39.485
91399000|0.0078|1|2024-04-26 15:35:39.485
91400000|0.0078|1|2024-04-26 15:35:39.485
91402000|0.0002|1|2024-04-26 15:35:39.485
91424000|0.0624|1|2024-04-26 15:35:39.485
91337000|0.173|0|2024-04-26 15:35:44.724
91336000|0.0108|0|2024-04-26 15:35:44.724
91334000|0.0238|0|2024-04-26 15:35:44.724
91333000|0.025|0|2024-04-26 15:35:44.724
91332000|0.0141|0|2024-04-26 15:35:44.724
91369000|0.0601|1|2024-04-26 15:35:44.724
91370000|0.3298|1|2024-04-26 15:35:44.724
91400000|0.0647|1|2024-04-26 15:35:44.724
91402000|0.0002|1|2024-04-26 15:35:44.724
91407000|0.33|1|2024-04-26 15:35:44.724
91337000|0.173|0|2024-04-26 15:35:49.963
91336000|0.0108|0|2024-04-26 15:35:49.963
91334000|0.0238|0|2024-04-26 15:35:49.963
91333000|0.025|0|2024-04-26 15:35:49.963
91332000|0.0141|0|2024-04-26 15:35:49.963
91369000|0.0601|1|2024-04-26 15:35:49.963
91395000|0.33|1|2024-04-26 15:35:49.963
91400000|0.0633|1|2024-04-26 15:35:49.963
91402000|0.0002|1|2024-04-26 15:35:49.963
91407000|0.33|1|2024-04-26 15:35:49.963
91337000|0.173|0|2024-04-26 15:35:55.399
91336000|0.0008|0|2024-04-26 15:35:55.399
91334000|0.0236|0|2024-04-26 15:35:55.399
91333000|0.0252|0|2024-04-26 15:35:55.399
91332000|0.0176|0|2024-04-26 15:35:55.399
91369000|0.0601|1|2024-04-26 15:35:55.399
91395000|0.33|1|2024-04-26 15:35:55.399
91400000|0.0078|1|2024-04-26 15:35:55.399
91402000|0.0002|1|2024-04-26 15:35:55.399
91411000|0.0576|1|2024-04-26 15:35:55.399
91338000|0.028|0|2024-04-26 15:36:00.624
91337000|0.1541|0|2024-04-26 15:36:00.624
91336000|0.0648|0|2024-04-26 15:36:00.624
91334000|0.0236|0|2024-04-26 15:36:00.624
91333000|0.025|0|2024-04-26 15:36:00.624
91369000|0.1601|1|2024-04-26 15:36:00.624
91378000|0.33|1|2024-04-26 15:36:00.624
91400000|0.0078|1|2024-04-26 15:36:00.624
91401000|0.0652|1|2024-04-26 15:36:00.624
91402000|0.0002|1|2024-04-26 15:36:00.624
91339000|0.1989|0|2024-04-26 15:36:05.870
91338000|0.0282|0|2024-04-26 15:36:05.870
91337000|0.1541|0|2024-04-26 15:36:05.870
91336000|0.0648|0|2024-04-26 15:36:05.870
91334000|0.0236|0|2024-04-26 15:36:05.870
91369000|0.1556|1|2024-04-26 15:36:05.870
91378000|0.33|1|2024-04-26 15:36:05.870
91400000|0.0078|1|2024-04-26 15:36:05.870
91401000|0.0652|1|2024-04-26 15:36:05.870
91402000|0.0002|1|2024-04-26 15:36:05.870
91339000|0.1989|0|2024-04-26 15:36:11.111
91338000|0.0282|0|2024-04-26 15:36:11.111
91337000|0.1541|0|2024-04-26 15:36:11.111
91336000|0.0648|0|2024-04-26 15:36:11.111
91334000|0.0236|0|2024-04-26 15:36:11.111
91369000|0.1|1|2024-04-26 15:36:11.111
91370000|0.0631|1|2024-04-26 15:36:11.111
91378000|0.33|1|2024-04-26 15:36:11.111
91400000|0.0078|1|2024-04-26 15:36:11.111
91402000|0.0002|1|2024-04-26 15:36:11.111
91340000|0.006|0|2024-04-26 15:36:16.357
91339000|0.1989|0|2024-04-26 15:36:16.357
91338000|0.0282|0|2024-04-26 15:36:16.357
91337000|0.1541|0|2024-04-26 15:36:16.357
91336000|0.123|0|2024-04-26 15:36:16.357
91365000|0.0036|1|2024-04-26 15:36:16.357
91369000|0.1|1|2024-04-26 15:36:16.357
91400000|0.0078|1|2024-04-26 15:36:16.357
91402000|0.0002|1|2024-04-26 15:36:16.357
91429000|0.33|1|2024-04-26 15:36:16.357
91339000|0.1905|0|2024-04-26 15:36:21.657
91338000|0.0282|0|2024-04-26 15:36:21.657
91337000|0.1539|0|2024-04-26 15:36:21.657
91336000|0.0648|0|2024-04-26 15:36:21.657
91334000|0.0236|0|2024-04-26 15:36:21.657
91369000|0.0936|1|2024-04-26 15:36:21.657
91380000|0.33|1|2024-04-26 15:36:21.657
91400000|0.0078|1|2024-04-26 15:36:21.657
91402000|0.0002|1|2024-04-26 15:36:21.657
91424000|0.0624|1|2024-04-26 15:36:21.657
91339000|0.2006|0|2024-04-26 15:36:26.891
91338000|0.0282|0|2024-04-26 15:36:26.891
91337000|0.154|0|2024-04-26 15:36:26.891
91336000|0.0648|0|2024-04-26 15:36:26.891
91334000|0.0236|0|2024-04-26 15:36:26.891
91369000|0.0936|1|2024-04-26 15:36:26.891
91395000|0.1241|1|2024-04-26 15:36:26.891
91396000|0.33|1|2024-04-26 15:36:26.891
91398000|0.0116|1|2024-04-26 15:36:26.891
91400000|0.0078|1|2024-04-26 15:36:26.891
91340000|0.0575|0|2024-04-26 15:36:32.167
91339000|0.0103|0|2024-04-26 15:36:32.167
91338000|0.0282|0|2024-04-26 15:36:32.167
91337000|0.154|0|2024-04-26 15:36:32.167
91336000|0.0648|0|2024-04-26 15:36:32.167
91369000|0.0094|1|2024-04-26 15:36:32.167
91388000|0.0631|1|2024-04-26 15:36:32.167
91398000|0.0116|1|2024-04-26 15:36:32.167
91399000|0.1235|1|2024-04-26 15:36:32.167
91400000|0.0078|1|2024-04-26 15:36:32.167
91341000|0.2001|0|2024-04-26 15:36:37.474
91340000|0.0577|0|2024-04-26 15:36:37.474
91339000|0.0212|0|2024-04-26 15:36:37.474
91338000|0.028|0|2024-04-26 15:36:37.474
91337000|0.1587|0|2024-04-26 15:36:37.474
91367000|0.0631|1|2024-04-26 15:36:37.474
91369000|0.0094|1|2024-04-26 15:36:37.474
91387000|0.1239|1|2024-04-26 15:36:37.474
91388000|0.33|1|2024-04-26 15:36:37.474
91398000|0.0116|1|2024-04-26 15:36:37.474
91343000|0.2|0|2024-04-26 15:36:42.731
91342000|0.1008|0|2024-04-26 15:36:42.731
91341000|0.0003|0|2024-04-26 15:36:42.731
91340000|0.0577|0|2024-04-26 15:36:42.731
91339000|0.021|0|2024-04-26 15:36:42.731
91367000|0.0582|1|2024-04-26 15:36:42.731
91369000|0.0094|1|2024-04-26 15:36:42.731
91387000|0.1239|1|2024-04-26 15:36:42.731
91388000|0.33|1|2024-04-26 15:36:42.731
91398000|0.0116|1|2024-04-26 15:36:42.731
91343000|0.1956|0|2024-04-26 15:36:47.998
91342000|0.101|0|2024-04-26 15:36:47.998
91341000|0.0003|0|2024-04-26 15:36:47.998
91340000|0.0575|0|2024-04-26 15:36:47.998
91339000|0.021|0|2024-04-26 15:36:47.998
91350000|0.1249|1|2024-04-26 15:36:47.998
91367000|0.0572|1|2024-04-26 15:36:47.998
91369000|0.0094|1|2024-04-26 15:36:47.998
91397000|0.1239|1|2024-04-26 15:36:47.998
91398000|0.0116|1|2024-04-26 15:36:47.998
91342000|0.0982|0|2024-04-26 15:36:53.235
91341000|0.0003|0|2024-04-26 15:36:53.235
91340000|0.0546|0|2024-04-26 15:36:53.235
91339000|0.0211|0|2024-04-26 15:36:53.235
91338000|0.0281|0|2024-04-26 15:36:53.235
91343000|0.6518|1|2024-04-26 15:36:53.235
91369000|0.0094|1|2024-04-26 15:36:53.235
91379000|0.0586|1|2024-04-26 15:36:53.235
91398000|0.0116|1|2024-04-26 15:36:53.235
91400000|0.0078|1|2024-04-26 15:36:53.235
91337000|0.1002|0|2024-04-26 15:36:58.527
91336000|0.0508|0|2024-04-26 15:36:58.527
91334000|0.0132|0|2024-04-26 15:36:58.527
91333000|0.011|0|2024-04-26 15:36:58.527
91332000|0.0036|0|2024-04-26 15:36:58.527
91343000|0.1748|1|2024-04-26 15:36:58.527
91365000|0.0002|1|2024-04-26 15:36:58.527
91368000|0.1262|1|2024-04-26 15:36:58.527
91369000|0.0725|1|2024-04-26 15:36:58.527
91379000|0.0586|1|2024-04-26 15:36:58.527
91343000|0.2442|0|2024-04-26 15:37:03.763
91342000|0.0002|0|2024-04-26 15:37:03.763
91334000|0.0056|0|2024-04-26 15:37:03.763
91333000|0.011|0|2024-04-26 15:37:03.763
91332000|0.0036|0|2024-04-26 15:37:03.763
91344000|0.142|1|2024-04-26 15:37:03.763
91365000|0.0002|1|2024-04-26 15:37:03.763
91367000|0.0103|1|2024-04-26 15:37:03.763
91368000|0.0577|1|2024-04-26 15:37:03.763
91369000|0.0094|1|2024-04-26 15:37:03.763
91329000|0|0|2024-04-26 15:37:08.996
91328000|0.0015|0|2024-04-26 15:37:08.996
91327000|0.0482|0|2024-04-26 15:37:08.996
91326000|0.0001|0|2024-04-26 15:37:08.996
91325000|0.0035|0|2024-04-26 15:37:08.996
91342000|0.063|1|2024-04-26 15:37:08.996
91343000|0.0104|1|2024-04-26 15:37:08.996
91344000|0.5926|1|2024-04-26 15:37:08.996
91345000|0.142|1|2024-04-26 15:37:08.996
91353000|0.0536|1|2024-04-26 15:37:08.996
91329000|0|0|2024-04-26 15:37:14.238
91328000|0.0015|0|2024-04-26 15:37:14.238
91327000|0.0482|0|2024-04-26 15:37:14.238
91326000|0.0001|0|2024-04-26 15:37:14.238
91325000|0.0035|0|2024-04-26 15:37:14.238
91342000|0.205|1|2024-04-26 15:37:14.238
91343000|0.142|1|2024-04-26 15:37:14.238
91344000|0.4506|1|2024-04-26 15:37:14.238
91365000|0.0002|1|2024-04-26 15:37:14.238
91368000|0.0577|1|2024-04-26 15:37:14.238
91331000|0.006|0|2024-04-26 15:37:19.477
91329000|0|0|2024-04-26 15:37:19.477
91328000|0.0018|0|2024-04-26 15:37:19.477
91327000|0.0046|0|2024-04-26 15:37:19.477
91326000|0.0001|0|2024-04-26 15:37:19.477
91341000|0.0211|1|2024-04-26 15:37:19.477
91342000|0.0983|1|2024-04-26 15:37:19.477
91343000|0.142|1|2024-04-26 15:37:19.477
91344000|0.0002|1|2024-04-26 15:37:19.477
91365000|0.0002|1|2024-04-26 15:37:19.477
91329000|0|0|2024-04-26 15:37:24.709
91328000|0.0018|0|2024-04-26 15:37:24.709
91327000|0.0069|0|2024-04-26 15:37:24.709
91326000|0.0001|0|2024-04-26 15:37:24.709
91325000|0.0035|0|2024-04-26 15:37:24.709
91341000|0.0209|1|2024-04-26 15:37:24.709
91344000|0.0002|1|2024-04-26 15:37:24.709
91365000|0.0002|1|2024-04-26 15:37:24.709
91367000|0.0069|1|2024-04-26 15:37:24.709
91369000|0.0094|1|2024-04-26 15:37:24.709
91331000|0.1872|0|2024-04-26 15:37:29.953
91330000|0.2|0|2024-04-26 15:37:29.953
91329000|0.0474|0|2024-04-26 15:37:29.953
91328000|0.0031|0|2024-04-26 15:37:29.953
91327000|0.0069|0|2024-04-26 15:37:29.953
91341000|0.0002|1|2024-04-26 15:37:29.953
91344000|0.0002|1|2024-04-26 15:37:29.953
91365000|0.0002|1|2024-04-26 15:37:29.953
91369000|0.0094|1|2024-04-26 15:37:29.953
91398000|0.0116|1|2024-04-26 15:37:29.953
91401000|0.0906|0|2024-04-26 15:37:35.202
91400000|0.0607|0|2024-04-26 15:37:35.202
91399000|1.8563|0|2024-04-26 15:37:35.202
91398000|0.9|0|2024-04-26 15:37:35.202
91389000|0.054|0|2024-04-26 15:37:35.202
91402000|0|1|2024-04-26 15:37:35.202
91444000|0.0002|1|2024-04-26 15:37:35.202
91470000|0.5395|1|2024-04-26 15:37:35.202
91480000|0.6516|1|2024-04-26 15:37:35.202
91490000|0.0008|1|2024-04-26 15:37:35.202
91405000|0.3141|0|2024-04-26 15:37:40.439
91402000|0.0002|0|2024-04-26 15:37:40.439
91401000|0.001|0|2024-04-26 15:37:40.439
91400000|0.0001|0|2024-04-26 15:37:40.439
91399000|0.0002|0|2024-04-26 15:37:40.439
91468000|0.1239|1|2024-04-26 15:37:40.439
91469000|0.0001|1|2024-04-26 15:37:40.439
91470000|0.5198|1|2024-04-26 15:37:40.439
91480000|0.6516|1|2024-04-26 15:37:40.439
91489000|0.0558|1|2024-04-26 15:37:40.439
91401000|0.001|0|2024-04-26 15:37:45.691
91400000|0.0001|0|2024-04-26 15:37:45.691
91399000|0.0002|0|2024-04-26 15:37:45.691
91353000|0.0689|0|2024-04-26 15:37:45.691
91352000|0.014|0|2024-04-26 15:37:45.691
91463000|0.0063|1|2024-04-26 15:37:45.691
91465000|0.1223|1|2024-04-26 15:37:45.691
91466000|0.2091|1|2024-04-26 15:37:45.691
91467000|0.0594|1|2024-04-26 15:37:45.691
91470000|0.5198|1|2024-04-26 15:37:45.691
91360000|0.001|0|2024-04-26 15:37:50.937
91352000|0.014|0|2024-04-26 15:37:50.937
91351000|0.014|0|2024-04-26 15:37:50.937
91350000|0.014|0|2024-04-26 15:37:50.937
91346000|0.014|0|2024-04-26 15:37:50.937
91399000|0.0096|1|2024-04-26 15:37:50.937
91401000|0.1214|1|2024-04-26 15:37:50.937
91402000|0.33|1|2024-04-26 15:37:50.937
91420000|0.0063|1|2024-04-26 15:37:50.937
91422000|0.0593|1|2024-04-26 15:37:50.937
91366000|0.3302|0|2024-04-26 15:37:56.221
91351000|0.014|0|2024-04-26 15:37:56.221
91346000|0.014|0|2024-04-26 15:37:56.221
91345000|0.014|0|2024-04-26 15:37:56.221
91344000|0.009|0|2024-04-26 15:37:56.221
91418000|0.0631|1|2024-04-26 15:37:56.221
91419000|0.142|1|2024-04-26 15:37:56.221
91449000|0.0132|1|2024-04-26 15:37:56.221
91450000|0.0638|1|2024-04-26 15:37:56.221
91470000|0.5198|1|2024-04-26 15:37:56.221
91367000|1.0822|0|2024-04-26 15:38:01.519
91366000|0.3302|0|2024-04-26 15:38:01.519
91346000|0.016|0|2024-04-26 15:38:01.519
91345000|0.014|0|2024-04-26 15:38:01.519
91344000|0.009|0|2024-04-26 15:38:01.519
91418000|0.0536|1|2024-04-26 15:38:01.519
91419000|0.142|1|2024-04-26 15:38:01.519
91420000|0.142|1|2024-04-26 15:38:01.519
91450000|0.0638|1|2024-04-26 15:38:01.519
91464000|0.0218|1|2024-04-26 15:38:01.519
91367000|1.0498|0|2024-04-26 15:38:06.758
91366000|0.0002|0|2024-04-26 15:38:06.758
91346000|0.002|0|2024-04-26 15:38:06.758
91343000|0.1094|0|2024-04-26 15:38:06.758
91340000|0.0031|0|2024-04-26 15:38:06.758
91416000|0.0177|1|2024-04-26 15:38:06.758
91417000|0.1434|1|2024-04-26 15:38:06.758
91418000|0.0536|1|2024-04-26 15:38:06.758
91451000|0.0595|1|2024-04-26 15:38:06.758
91453000|0.33|1|2024-04-26 15:38:06.758
91369000|0.0158|0|2024-04-26 15:38:12.020
91367000|1.0483|0|2024-04-26 15:38:12.020
91366000|0.0002|0|2024-04-26 15:38:12.020
91346000|0.002|0|2024-04-26 15:38:12.020
91345000|0.33|0|2024-04-26 15:38:12.020
91417000|0.1434|1|2024-04-26 15:38:12.020
91418000|0.1956|1|2024-04-26 15:38:12.020
91451000|0.0595|1|2024-04-26 15:38:12.020
91462000|0.0542|1|2024-04-26 15:38:12.020
91464000|0.0218|1|2024-04-26 15:38:12.020
91371000|1.0019|0|2024-04-26 15:38:17.259
91369000|0.0001|0|2024-04-26 15:38:17.259
91367000|0.0017|0|2024-04-26 15:38:17.259
91366000|0.0545|0|2024-04-26 15:38:17.259
91346000|0.002|0|2024-04-26 15:38:17.259
91416000|0.142|1|2024-04-26 15:38:17.259
91417000|0.1434|1|2024-04-26 15:38:17.259
91418000|0.1956|1|2024-04-26 15:38:17.259
91441000|0.0624|1|2024-04-26 15:38:17.259
91451000|0.0595|1|2024-04-26 15:38:17.259
91371000|0.1056|0|2024-04-26 15:38:22.505
91369000|0.0001|0|2024-04-26 15:38:22.505
91368000|0.0005|0|2024-04-26 15:38:22.505
91367000|0.0017|0|2024-04-26 15:38:22.505
91366000|0.0545|0|2024-04-26 15:38:22.505
91416000|0.1108|1|2024-04-26 15:38:22.505
91417000|0.1434|1|2024-04-26 15:38:22.505
91418000|0.142|1|2024-04-26 15:38:22.505
91441000|0.0624|1|2024-04-26 15:38:22.505
91451000|0.0595|1|2024-04-26 15:38:22.505
91371000|0.1017|0|2024-04-26 15:38:27.748
91369000|0.0001|0|2024-04-26 15:38:27.748
91368000|0.0005|0|2024-04-26 15:38:27.748
91367000|0.0017|0|2024-04-26 15:38:27.748
91366000|0.0545|0|2024-04-26 15:38:27.748
91415000|0.2029|1|2024-04-26 15:38:27.748
91416000|0.1108|1|2024-04-26 15:38:27.748
91417000|0.142|1|2024-04-26 15:38:27.748
91418000|0.0538|1|2024-04-26 15:38:27.748
91429000|0.0645|1|2024-04-26 15:38:27.748
91371000|0.0141|0|2024-04-26 15:38:33.016
91369000|0.0001|0|2024-04-26 15:38:33.016
91368000|0.0005|0|2024-04-26 15:38:33.016
91367000|0.0017|0|2024-04-26 15:38:33.016
91366000|0.0545|0|2024-04-26 15:38:33.016
91415000|0.1827|1|2024-04-26 15:38:33.016
91416000|0.1108|1|2024-04-26 15:38:33.016
91418000|0.0538|1|2024-04-26 15:38:33.016
91429000|0.0645|1|2024-04-26 15:38:33.016
91441000|0.0624|1|2024-04-26 15:38:33.016
91371000|0.0679|0|2024-04-26 15:38:38.270
91369000|0.0001|0|2024-04-26 15:38:38.270
91368000|0.0006|0|2024-04-26 15:38:38.270
91367000|0.0017|0|2024-04-26 15:38:38.270
91366000|0.0545|0|2024-04-26 15:38:38.270
91414000|0.1112|1|2024-04-26 15:38:38.270
91415000|0.183|1|2024-04-26 15:38:38.270
91416000|0.1108|1|2024-04-26 15:38:38.270
91418000|0.0001|1|2024-04-26 15:38:38.270
91441000|0.0624|1|2024-04-26 15:38:38.270
91371000|0.0679|0|2024-04-26 15:38:43.621
91369000|0|0|2024-04-26 15:38:43.621
91368000|0.0006|0|2024-04-26 15:38:43.621
91367000|0.0018|0|2024-04-26 15:38:43.621
91366000|0.0545|0|2024-04-26 15:38:43.621
91414000|0.0932|1|2024-04-26 15:38:43.621
91415000|0.183|1|2024-04-26 15:38:43.621
91416000|0.1108|1|2024-04-26 15:38:43.621
91418000|0.0001|1|2024-04-26 15:38:43.621
91451000|0.0595|1|2024-04-26 15:38:43.621
91371000|0.0679|0|2024-04-26 15:38:48.870
91369000|0|0|2024-04-26 15:38:48.870
91368000|0.0006|0|2024-04-26 15:38:48.870
91367000|0.0071|0|2024-04-26 15:38:48.870
91366000|0.0545|0|2024-04-26 15:38:48.870
91414000|0.0932|1|2024-04-26 15:38:48.870
91415000|0.183|1|2024-04-26 15:38:48.870
91416000|0.1108|1|2024-04-26 15:38:48.870
91418000|0.0001|1|2024-04-26 15:38:48.870
91451000|0.0595|1|2024-04-26 15:38:48.870
91371000|0.0649|0|2024-04-26 15:38:54.175
91368000|0.0006|0|2024-04-26 15:38:54.175
91367000|0.0071|0|2024-04-26 15:38:54.175
91366000|0.0545|0|2024-04-26 15:38:54.175
91348000|0.0002|0|2024-04-26 15:38:54.175
91414000|0.0855|1|2024-04-26 15:38:54.175
91415000|0.183|1|2024-04-26 15:38:54.175
91418000|0.0001|1|2024-04-26 15:38:54.175
91435000|0.33|1|2024-04-26 15:38:54.175
91451000|0.0595|1|2024-04-26 15:38:54.175
91371000|0.0779|0|2024-04-26 15:38:59.493
91368000|0.0006|0|2024-04-26 15:38:59.493
91367000|0.0071|0|2024-04-26 15:38:59.493
91366000|0.0545|0|2024-04-26 15:38:59.493
91346000|0.002|0|2024-04-26 15:38:59.493
91414000|0.0816|1|2024-04-26 15:38:59.493
91415000|0.183|1|2024-04-26 15:38:59.493
91418000|0.0001|1|2024-04-26 15:38:59.493
91451000|0.0595|1|2024-04-26 15:38:59.493
91462000|0.0542|1|2024-04-26 15:38:59.493
91372000|0.0064|0|2024-04-26 15:39:04.799
91371000|0.0801|0|2024-04-26 15:39:04.799
91368000|0.0006|0|2024-04-26 15:39:04.799
91367000|0.0071|0|2024-04-26 15:39:04.799
91366000|0.0545|0|2024-04-26 15:39:04.799
91414000|0.0279|1|2024-04-26 15:39:04.799
91415000|0.183|1|2024-04-26 15:39:04.799
91418000|0.0001|1|2024-04-26 15:39:04.799
91451000|0.0583|1|2024-04-26 15:39:04.799
91462000|0.0542|1|2024-04-26 15:39:04.799
91379000|0.001|0|2024-04-26 15:39:10.103
91372000|0.0062|0|2024-04-26 15:39:10.103
91371000|0.0801|0|2024-04-26 15:39:10.103
91368000|0.0006|0|2024-04-26 15:39:10.103
91367000|0.0071|0|2024-04-26 15:39:10.103
91413000|0.1398|1|2024-04-26 15:39:10.103
91414000|0.0314|1|2024-04-26 15:39:10.103
91415000|0.183|1|2024-04-26 15:39:10.103
91418000|0.0001|1|2024-04-26 15:39:10.103
91440000|0.0631|1|2024-04-26 15:39:10.103
91379000|0.0052|0|2024-04-26 15:39:15.410
91372000|0.0062|0|2024-04-26 15:39:15.410
91371000|0.1107|0|2024-04-26 15:39:15.410
91368000|0.0006|0|2024-04-26 15:39:15.410
91367000|0.0071|0|2024-04-26 15:39:15.410
91413000|0.1342|1|2024-04-26 15:39:15.410
91414000|0.0314|1|2024-04-26 15:39:15.410
91415000|0.183|1|2024-04-26 15:39:15.410
91418000|0.0001|1|2024-04-26 15:39:15.410
91425000|0.0612|1|2024-04-26 15:39:15.410
91379000|0|0|2024-04-26 15:39:20.646
91372000|0.0062|0|2024-04-26 15:39:20.646
91371000|0.1107|0|2024-04-26 15:39:20.646
91368000|0.0006|0|2024-04-26 15:39:20.646
91367000|0.0071|0|2024-04-26 15:39:20.646
91413000|0.1227|1|2024-04-26 15:39:20.646
91414000|0.0314|1|2024-04-26 15:39:20.646
91415000|0.183|1|2024-04-26 15:39:20.646
91418000|0.0001|1|2024-04-26 15:39:20.646
91440000|0.0631|1|2024-04-26 15:39:20.646
91371000|0.1013|0|2024-04-26 15:39:25.876
91368000|0.0006|0|2024-04-26 15:39:25.876
91367000|0.0071|0|2024-04-26 15:39:25.876
91366000|0.0545|0|2024-04-26 15:39:25.876
91365000|0.001|0|2024-04-26 15:39:25.876
91413000|0.1061|1|2024-04-26 15:39:25.876
91414000|0.0314|1|2024-04-26 15:39:25.876
91415000|0.183|1|2024-04-26 15:39:25.876
91418000|0.0001|1|2024-04-26 15:39:25.876
91430000|0.0589|1|2024-04-26 15:39:25.876
91380000|0.0377|0|2024-04-26 15:39:31.127
91372000|0.0164|0|2024-04-26 15:39:31.127
91371000|0.1042|0|2024-04-26 15:39:31.127
91368000|0.0049|0|2024-04-26 15:39:31.127
91367000|0.0071|0|2024-04-26 15:39:31.127
91413000|0.1041|1|2024-04-26 15:39:31.127
91414000|0.0314|1|2024-04-26 15:39:31.127
91415000|0.183|1|2024-04-26 15:39:31.127
91418000|0.0001|1|2024-04-26 15:39:31.127
91430000|0.0589|1|2024-04-26 15:39:31.127
91380000|0.0377|0|2024-04-26 15:39:36.380
91372000|0.0164|0|2024-04-26 15:39:36.380
91371000|0.1042|0|2024-04-26 15:39:36.380
91368000|0.0049|0|2024-04-26 15:39:36.380
91367000|0.0071|0|2024-04-26 15:39:36.380
91413000|0.1028|1|2024-04-26 15:39:36.380
91414000|0.0314|1|2024-04-26 15:39:36.380
91415000|0.183|1|2024-04-26 15:39:36.380
91418000|0.0001|1|2024-04-26 15:39:36.380
91440000|0.0631|1|2024-04-26 15:39:36.380
91380000|0.0377|0|2024-04-26 15:39:41.660
91372000|0.0165|0|2024-04-26 15:39:41.660
91371000|0.1042|0|2024-04-26 15:39:41.660
91368000|0.0049|0|2024-04-26 15:39:41.660
91367000|0.0071|0|2024-04-26 15:39:41.660
91413000|0.1028|1|2024-04-26 15:39:41.660
91414000|0.0314|1|2024-04-26 15:39:41.660
91415000|0.183|1|2024-04-26 15:39:41.660
91418000|0.0001|1|2024-04-26 15:39:41.660
91440000|0.0631|1|2024-04-26 15:39:41.660
91381000|0.0218|0|2024-04-26 15:39:46.904
91380000|0.0377|0|2024-04-26 15:39:46.904
91372000|0.0165|0|2024-04-26 15:39:46.904
91371000|0.1042|0|2024-04-26 15:39:46.904
91368000|0.0049|0|2024-04-26 15:39:46.904
91413000|0.1041|1|2024-04-26 15:39:46.904
91414000|0.0314|1|2024-04-26 15:39:46.904
91415000|0.183|1|2024-04-26 15:39:46.904
91418000|0.0001|1|2024-04-26 15:39:46.904
91462000|0.0542|1|2024-04-26 15:39:46.904
91381000|0.0218|0|2024-04-26 15:39:52.151
91380000|0.0377|0|2024-04-26 15:39:52.151
91372000|0.0165|0|2024-04-26 15:39:52.151
91371000|0.1042|0|2024-04-26 15:39:52.151
91368000|0.0051|0|2024-04-26 15:39:52.151
91413000|0.1038|1|2024-04-26 15:39:52.151
91414000|0.0314|1|2024-04-26 15:39:52.151
91415000|0.183|1|2024-04-26 15:39:52.151
91418000|0.0001|1|2024-04-26 15:39:52.151
91462000|0.0542|1|2024-04-26 15:39:52.151
91381000|0.0218|0|2024-04-26 15:39:57.413
91380000|0.0377|0|2024-04-26 15:39:57.413
91372000|0.0182|0|2024-04-26 15:39:57.413
91371000|0.1042|0|2024-04-26 15:39:57.413
91368000|0.0051|0|2024-04-26 15:39:57.413
91413000|0.1036|1|2024-04-26 15:39:57.413
91414000|0.0314|1|2024-04-26 15:39:57.413
91415000|0.183|1|2024-04-26 15:39:57.413
91418000|0.0001|1|2024-04-26 15:39:57.413
91462000|0.0542|1|2024-04-26 15:39:57.413
91381000|0.0218|0|2024-04-26 15:40:02.650
91380000|0.04|0|2024-04-26 15:40:02.650
91372000|0.0182|0|2024-04-26 15:40:02.650
91371000|0.1026|0|2024-04-26 15:40:02.650
91368000|0.0051|0|2024-04-26 15:40:02.650
91413000|0.1031|1|2024-04-26 15:40:02.650
91414000|0.0314|1|2024-04-26 15:40:02.650
91415000|0.183|1|2024-04-26 15:40:02.650
91418000|0.0001|1|2024-04-26 15:40:02.650
91462000|0.0542|1|2024-04-26 15:40:02.650
91382000|0.0038|0|2024-04-26 15:40:08.005
91381000|0.0218|0|2024-04-26 15:40:08.005
91380000|0.04|0|2024-04-26 15:40:08.005
91372000|0.0182|0|2024-04-26 15:40:08.005
91371000|0.1026|0|2024-04-26 15:40:08.005
91413000|0.1031|1|2024-04-26 15:40:08.005
91414000|0.0314|1|2024-04-26 15:40:08.005
91415000|0.183|1|2024-04-26 15:40:08.005
91418000|0.0001|1|2024-04-26 15:40:08.005
91462000|0.0542|1|2024-04-26 15:40:08.005
91382000|0.0038|0|2024-04-26 15:40:13.247
91381000|0.0218|0|2024-04-26 15:40:13.247
91380000|0.04|0|2024-04-26 15:40:13.247
91372000|0.0018|0|2024-04-26 15:40:13.247
91371000|1.0028|0|2024-04-26 15:40:13.247
91413000|0.1019|1|2024-04-26 15:40:13.247
91414000|0.0314|1|2024-04-26 15:40:13.247
91415000|0.183|1|2024-04-26 15:40:13.247
91418000|0.0001|1|2024-04-26 15:40:13.247
91470000|0.5198|1|2024-04-26 15:40:13.247
91382000|0.0142|0|2024-04-26 15:40:18.511
91381000|0.0218|0|2024-04-26 15:40:18.511
91380000|0.04|0|2024-04-26 15:40:18.511
91372000|0.0019|0|2024-04-26 15:40:18.511
91371000|1.0028|0|2024-04-26 15:40:18.511
91413000|0.1018|1|2024-04-26 15:40:18.511
91414000|0.0314|1|2024-04-26 15:40:18.511
91415000|0.183|1|2024-04-26 15:40:18.511
91418000|0.0001|1|2024-04-26 15:40:18.511
91470000|0.5198|1|2024-04-26 15:40:18.511
91382000|0.007|0|2024-04-26 15:40:23.759
91381000|0.0218|0|2024-04-26 15:40:23.759
91380000|0.04|0|2024-04-26 15:40:23.759
91372000|0.0019|0|2024-04-26 15:40:23.759
91371000|0.1028|0|2024-04-26 15:40:23.759
91413000|0.1018|1|2024-04-26 15:40:23.759
91414000|0.0314|1|2024-04-26 15:40:23.759
91415000|0.183|1|2024-04-26 15:40:23.759
91418000|0.0001|1|2024-04-26 15:40:23.759
91456000|0.0546|1|2024-04-26 15:40:23.759
91383000|0.0547|0|2024-04-26 15:40:28.999
91382000|0.0093|0|2024-04-26 15:40:28.999
91381000|0.0218|0|2024-04-26 15:40:28.999
91380000|0.04|0|2024-04-26 15:40:28.999
91372000|0.0019|0|2024-04-26 15:40:28.999
91413000|0.1018|1|2024-04-26 15:40:28.999
91414000|0.0314|1|2024-04-26 15:40:28.999
91415000|0.183|1|2024-04-26 15:40:28.999
91418000|0.0001|1|2024-04-26 15:40:28.999
91456000|0.0546|1|2024-04-26 15:40:28.999
91383000|0.0547|0|2024-04-26 15:40:34.227
91382000|0.0093|0|2024-04-26 15:40:34.227
91381000|0.0218|0|2024-04-26 15:40:34.227
91380000|0.04|0|2024-04-26 15:40:34.227
91372000|0.0019|0|2024-04-26 15:40:34.227
91412000|0.0003|1|2024-04-26 15:40:34.227
91413000|0.1016|1|2024-04-26 15:40:34.227
91414000|0.0314|1|2024-04-26 15:40:34.227
91415000|0.183|1|2024-04-26 15:40:34.227
91418000|0.0001|1|2024-04-26 15:40:34.227
91383000|0.055|0|2024-04-26 15:40:39.486
91382000|0.0093|0|2024-04-26 15:40:39.486
91381000|0.0218|0|2024-04-26 15:40:39.486
91380000|0.04|0|2024-04-26 15:40:39.486
91372000|0.0019|0|2024-04-26 15:40:39.486
91413000|0.0992|1|2024-04-26 15:40:39.486
91414000|0.0314|1|2024-04-26 15:40:39.486
91415000|0.041|1|2024-04-26 15:40:39.486
91418000|0.0001|1|2024-04-26 15:40:39.486
91466000|0.0394|1|2024-04-26 15:40:39.486
91383000|0.055|0|2024-04-26 15:40:44.754
91382000|0.0093|0|2024-04-26 15:40:44.754
91381000|0.0219|0|2024-04-26 15:40:44.754
91380000|0.0402|0|2024-04-26 15:40:44.754
91372000|0.0019|0|2024-04-26 15:40:44.754
91413000|0.0992|1|2024-04-26 15:40:44.754
91414000|0.0314|1|2024-04-26 15:40:44.754
91415000|0.041|1|2024-04-26 15:40:44.754
91418000|0.0001|1|2024-04-26 15:40:44.754
91466000|0.0394|1|2024-04-26 15:40:44.754
91383000|0.0648|0|2024-04-26 15:40:50.272
91382000|0.0093|0|2024-04-26 15:40:50.272
91381000|0.0219|0|2024-04-26 15:40:50.272
91380000|0.0402|0|2024-04-26 15:40:50.272
91372000|0.0019|0|2024-04-26 15:40:50.272
91413000|0.0992|1|2024-04-26 15:40:50.272
91414000|0.0314|1|2024-04-26 15:40:50.272
91415000|0.041|1|2024-04-26 15:40:50.272
91418000|0.0001|1|2024-04-26 15:40:50.272
91467000|0.0556|1|2024-04-26 15:40:50.272
91383000|0.1305|0|2024-04-26 15:40:55.648
91382000|0.0093|0|2024-04-26 15:40:55.648
91381000|0.0219|0|2024-04-26 15:40:55.648
91380000|0.0404|0|2024-04-26 15:40:55.648
91372000|0.0019|0|2024-04-26 15:40:55.648
91412000|0.0216|1|2024-04-26 15:40:55.648
91413000|0.0261|1|2024-04-26 15:40:55.648
91414000|0.0314|1|2024-04-26 15:40:55.648
91415000|0.041|1|2024-04-26 15:40:55.648
91418000|0.0001|1|2024-04-26 15:40:55.648
91384000|0.0002|0|2024-04-26 15:41:00.957
91383000|0.1303|0|2024-04-26 15:41:00.957
91382000|0.0093|0|2024-04-26 15:41:00.957
91381000|0.0219|0|2024-04-26 15:41:00.957
91380000|0.0026|0|2024-04-26 15:41:00.957
91412000|0.0216|1|2024-04-26 15:41:00.957
91413000|0.0244|1|2024-04-26 15:41:00.957
91414000|0.0314|1|2024-04-26 15:41:00.957
91415000|0.041|1|2024-04-26 15:41:00.957
91418000|0.0001|1|2024-04-26 15:41:00.957
91383000|0.1303|0|2024-04-26 15:41:06.197
91382000|0.0093|0|2024-04-26 15:41:06.197
91381000|0.0219|0|2024-04-26 15:41:06.197
91380000|0.0026|0|2024-04-26 15:41:06.197
91372000|0.0019|0|2024-04-26 15:41:06.197
91384000|0.0001|1|2024-04-26 15:41:06.197
91412000|0.1654|1|2024-04-26 15:41:06.197
91413000|0.0244|1|2024-04-26 15:41:06.197
91414000|0.0314|1|2024-04-26 15:41:06.197
91415000|0.041|1|2024-04-26 15:41:06.197
91404000|0.001|0|2024-04-26 15:41:11.465
91383000|0.1211|0|2024-04-26 15:41:11.465
91382000|0.0093|0|2024-04-26 15:41:11.465
91381000|0.0219|0|2024-04-26 15:41:11.465
91380000|0.0026|0|2024-04-26 15:41:11.465
91412000|0.0234|1|2024-04-26 15:41:11.465
91414000|0.0035|1|2024-04-26 15:41:11.465
91415000|0.041|1|2024-04-26 15:41:11.465
91418000|0.0001|1|2024-04-26 15:41:11.465
91469000|0.0367|1|2024-04-26 15:41:11.465
91414000|0.0068|0|2024-04-26 15:41:16.704
91413000|0.1416|0|2024-04-26 15:41:16.704
91412000|0.0045|0|2024-04-26 15:41:16.704
91408000|0.064|0|2024-04-26 15:41:16.704
91405000|0.0089|0|2024-04-26 15:41:16.704
91415000|0|1|2024-04-26 15:41:16.704
91418000|0.0001|1|2024-04-26 15:41:16.704
91470000|0.5198|1|2024-04-26 15:41:16.704
91480000|0.6516|1|2024-04-26 15:41:16.704
91490000|0.0008|1|2024-04-26 15:41:16.704
91465000|0.33|0|2024-04-26 15:41:21.958
91432000|0.0283|0|2024-04-26 15:41:21.958
91428000|0.0639|0|2024-04-26 15:41:21.958
91427000|0.0002|0|2024-04-26 15:41:21.958
91426000|0.0001|0|2024-04-26 15:41:21.958
91470000|0.5016|1|2024-04-26 15:41:21.958
91480000|0.6516|1|2024-04-26 15:41:21.958
91490000|0.0008|1|2024-04-26 15:41:21.958
91497000|0.063|1|2024-04-26 15:41:21.958
91500000|0.3506|1|2024-04-26 15:41:21.958
91445000|0.0001|0|2024-04-26 15:41:27.232
91425000|0.33|0|2024-04-26 15:41:27.232
91404000|0.0119|0|2024-04-26 15:41:27.232
91401000|0.0142|0|2024-04-26 15:41:27.232
91400000|0.062|0|2024-04-26 15:41:27.232
91470000|0.4635|1|2024-04-26 15:41:27.232
91480000|0.6516|1|2024-04-26 15:41:27.232
91490000|0.0008|1|2024-04-26 15:41:27.232
91500000|0.3506|1|2024-04-26 15:41:27.232
91501000|0.0002|1|2024-04-26 15:41:27.232
91446000|0.0009|0|2024-04-26 15:41:32.457
91404000|0.0119|0|2024-04-26 15:41:32.457
91401000|0.0142|0|2024-04-26 15:41:32.457
91400000|0.014|0|2024-04-26 15:41:32.457
91395000|0.001|0|2024-04-26 15:41:32.457
91469000|0.2045|1|2024-04-26 15:41:32.457
91470000|0.4635|1|2024-04-26 15:41:32.457
91480000|0.6516|1|2024-04-26 15:41:32.457
91489000|0.0577|1|2024-04-26 15:41:32.457
91490000|0.0008|1|2024-04-26 15:41:32.457
91446000|0.0002|0|2024-04-26 15:41:37.777
91405000|0.214|0|2024-04-26 15:41:37.777
91404000|0.0119|0|2024-04-26 15:41:37.777
91401000|0.0142|0|2024-04-26 15:41:37.777
91400000|0.014|0|2024-04-26 15:41:37.777
91469000|0.1499|1|2024-04-26 15:41:37.777
91470000|0.6037|1|2024-04-26 15:41:37.777
91480000|0.6516|1|2024-04-26 15:41:37.777
91489000|0.0577|1|2024-04-26 15:41:37.777
91490000|0.0008|1|2024-04-26 15:41:37.777
91447000|0.0536|0|2024-04-26 15:41:43.041
91408000|0.0644|0|2024-04-26 15:41:43.041
91405000|1.814|0|2024-04-26 15:41:43.041
91404000|0.9455|0|2024-04-26 15:41:43.041
91403000|0.0825|0|2024-04-26 15:41:43.041
91469000|0.1693|1|2024-04-26 15:41:43.041
91470000|0.6037|1|2024-04-26 15:41:43.041
91480000|0.6516|1|2024-04-26 15:41:43.041
91490000|0.0008|1|2024-04-26 15:41:43.041
91500000|0.3506|1|2024-04-26 15:41:43.041
91469000|0.0579|0|2024-04-26 15:41:48.302
91468000|0.0001|0|2024-04-26 15:41:48.302
91447000|2.7536|0|2024-04-26 15:41:48.302
91439000|0.0285|0|2024-04-26 15:41:48.302
91438000|0.0219|0|2024-04-26 15:41:48.302
91470000|0.6037|1|2024-04-26 15:41:48.302
91480000|0.6516|1|2024-04-26 15:41:48.302
91490000|0.0008|1|2024-04-26 15:41:48.302
91500000|0.3506|1|2024-04-26 15:41:48.302
91501000|0.0002|1|2024-04-26 15:41:48.302
91469000|0.0498|0|2024-04-26 15:41:53.574
91468000|0.0001|0|2024-04-26 15:41:53.574
91456000|0.0504|0|2024-04-26 15:41:53.574
91451000|0.0336|0|2024-04-26 15:41:53.574
91450000|0.0827|0|2024-04-26 15:41:53.574
91470000|0.5424|1|2024-04-26 15:41:53.574
91480000|0.6516|1|2024-04-26 15:41:53.574
91490000|0.0008|1|2024-04-26 15:41:53.574
91500000|0.3506|1|2024-04-26 15:41:53.574
91501000|0.0002|1|2024-04-26 15:41:53.574
91469000|0.1653|0|2024-04-26 15:41:58.817
91468000|0.0001|0|2024-04-26 15:41:58.817
91462000|0.0499|0|2024-04-26 15:41:58.817
91457000|0.0235|0|2024-04-26 15:41:58.817
91456000|0.0394|0|2024-04-26 15:41:58.817
91470000|0.1963|1|2024-04-26 15:41:58.817
91480000|0.6516|1|2024-04-26 15:41:58.817
91490000|0.0008|1|2024-04-26 15:41:58.817
91500000|0.3506|1|2024-04-26 15:41:58.817
91501000|0.0002|1|2024-04-26 15:41:58.817
91469000|0.1476|0|2024-04-26 15:42:04.095
91468000|0.0001|0|2024-04-26 15:42:04.095
91447000|0.0535|0|2024-04-26 15:42:04.095
91423000|0.014|0|2024-04-26 15:42:04.095
91419000|0.014|0|2024-04-26 15:42:04.095
91470000|0.0018|1|2024-04-26 15:42:04.095
91480000|0.6516|1|2024-04-26 15:42:04.095
91489000|0.063|1|2024-04-26 15:42:04.095
91490000|0.0008|1|2024-04-26 15:42:04.095
91500000|0.3506|1|2024-04-26 15:42:04.095
91471000|0.0001|0|2024-04-26 15:42:09.401
91470000|0.0012|0|2024-04-26 15:42:09.401
91469000|0.1389|0|2024-04-26 15:42:09.401
91468000|0.0001|0|2024-04-26 15:42:09.401
91424000|0.1163|0|2024-04-26 15:42:09.401
91480000|0.5299|1|2024-04-26 15:42:09.401
91490000|0.0008|1|2024-04-26 15:42:09.401
91497000|0.063|1|2024-04-26 15:42:09.401
91500000|0.3506|1|2024-04-26 15:42:09.401
91501000|0.0002|1|2024-04-26 15:42:09.401
91471000|0.0018|0|2024-04-26 15:42:14.741
91470000|0.0012|0|2024-04-26 15:42:14.741
91469000|0.1389|0|2024-04-26 15:42:14.741
91468000|0.0001|0|2024-04-26 15:42:14.741
91425000|0.1022|0|2024-04-26 15:42:14.741
91480000|0.5298|1|2024-04-26 15:42:14.741
91490000|0.0008|1|2024-04-26 15:42:14.741
91494000|0.063|1|2024-04-26 15:42:14.741
91500000|0.3506|1|2024-04-26 15:42:14.741
91501000|0.0002|1|2024-04-26 15:42:14.741
91472000|0.0548|0|2024-04-26 15:42:19.974
91471000|0.0017|0|2024-04-26 15:42:19.974
91470000|0.0012|0|2024-04-26 15:42:19.974
91469000|0.0158|0|2024-04-26 15:42:19.974
91468000|0.0001|0|2024-04-26 15:42:19.974
91480000|0.5297|1|2024-04-26 15:42:19.974
91490000|0.0008|1|2024-04-26 15:42:19.974
91500000|0.3506|1|2024-04-26 15:42:19.974
91501000|0.0002|1|2024-04-26 15:42:19.974
91512000|0.0652|1|2024-04-26 15:42:19.974
91473000|0.1033|0|2024-04-26 15:42:25.198
91472000|0.0546|0|2024-04-26 15:42:25.198
91471000|0.0017|0|2024-04-26 15:42:25.198
91470000|0.0012|0|2024-04-26 15:42:25.198
91469000|0.0158|0|2024-04-26 15:42:25.198
91480000|0.0109|1|2024-04-26 15:42:25.198
91490000|0.0008|1|2024-04-26 15:42:25.198
91500000|0.3506|1|2024-04-26 15:42:25.198
91501000|0.0002|1|2024-04-26 15:42:25.198
91518000|0.0002|1|2024-04-26 15:42:25.198
91481000|0.0082|0|2024-04-26 15:42:30.442
91480000|0|0|2024-04-26 15:42:30.442
91477000|0.0502|0|2024-04-26 15:42:30.442
91475000|0.092|0|2024-04-26 15:42:30.442
91474000|0.0785|0|2024-04-26 15:42:30.442
91490000|0.0008|1|2024-04-26 15:42:30.442
91500000|0.3506|1|2024-04-26 15:42:30.442
91501000|0.0002|1|2024-04-26 15:42:30.442
91518000|0.0002|1|2024-04-26 15:42:30.442
91520000|0.0001|1|2024-04-26 15:42:30.442
91537000|0.0128|0|2024-04-26 15:42:35.688
91535000|0.3302|0|2024-04-26 15:42:35.688
91525000|0.0611|0|2024-04-26 15:42:35.688
91511000|0.0542|0|2024-04-26 15:42:35.688
91510000|0.0644|0|2024-04-26 15:42:35.688
91599000|0.1547|1|2024-04-26 15:42:35.688
91600000|0.0127|1|2024-04-26 15:42:35.688
91603000|0.0002|1|2024-04-26 15:42:35.688
91605000|0.0002|1|2024-04-26 15:42:35.688
91620000|0.0001|1|2024-04-26 15:42:35.688
91548000|0.0032|0|2024-04-26 15:42:40.925
91547000|0.33|0|2024-04-26 15:42:40.925
91537000|0.1|0|2024-04-26 15:42:40.925
91536000|0.0628|0|2024-04-26 15:42:40.925
91535000|0.3252|0|2024-04-26 15:42:40.925
91598000|0.0012|1|2024-04-26 15:42:40.925
91599000|0.1492|1|2024-04-26 15:42:40.925
91600000|0.1547|1|2024-04-26 15:42:40.925
91603000|0.0002|1|2024-04-26 15:42:40.925
91605000|0.0002|1|2024-04-26 15:42:40.925
91600000|0.0522|0|2024-04-26 15:42:46.200
91598000|0.0001|0|2024-04-26 15:42:46.200
91547000|0.0002|0|2024-04-26 15:42:46.200
91538000|0.0217|0|2024-04-26 15:42:46.200
91537000|0.1649|0|2024-04-26 15:42:46.200
91603000|0.0002|1|2024-04-26 15:42:46.200
91605000|0.0002|1|2024-04-26 15:42:46.200
91620000|0.0001|1|2024-04-26 15:42:46.200
91626000|0.0001|1|2024-04-26 15:42:46.200
91633000|0.0001|1|2024-04-26 15:42:46.200
91600000|0.011|0|2024-04-26 15:42:51.439
91598000|0.0013|0|2024-04-26 15:42:51.439
91547000|0.0002|0|2024-04-26 15:42:51.439
91538000|0.0217|0|2024-04-26 15:42:51.439
91537000|0.1|0|2024-04-26 15:42:51.439
91602000|0.0167|1|2024-04-26 15:42:51.439
91603000|0.0002|1|2024-04-26 15:42:51.439
91605000|0.0002|1|2024-04-26 15:42:51.439
91620000|0.0001|1|2024-04-26 15:42:51.439
91626000|0.0001|1|2024-04-26 15:42:51.439
91602000|0.0382|0|2024-04-26 15:42:56.734
91600000|0.0139|0|2024-04-26 15:42:56.734
91598000|0.0013|0|2024-04-26 15:42:56.734
91547000|0.0142|0|2024-04-26 15:42:56.734
91541000|0.0537|0|2024-04-26 15:42:56.734
91603000|0.0064|1|2024-04-26 15:42:56.734
91605000|0.0002|1|2024-04-26 15:42:56.734
91620000|0.0001|1|2024-04-26 15:42:56.734
91626000|0.0001|1|2024-04-26 15:42:56.734
91639000|0.0002|1|2024-04-26 15:42:56.734
91604000|0.535|0|2024-04-26 15:43:02.002
91603000|0.0935|0|2024-04-26 15:43:02.002
91602000|0.1108|0|2024-04-26 15:43:02.002
91600000|0.0139|0|2024-04-26 15:43:02.002
91598000|0.0015|0|2024-04-26 15:43:02.002
91605000|0.0064|1|2024-04-26 15:43:02.002
91620000|0.0001|1|2024-04-26 15:43:02.002
91626000|0.0001|1|2024-04-26 15:43:02.002
91639000|0.0002|1|2024-04-26 15:43:02.002
91647000|0.0002|1|2024-04-26 15:43:02.002
91604000|0.476|0|2024-04-26 15:43:07.267
91603000|0.1711|0|2024-04-26 15:43:07.267
91602000|0.1108|0|2024-04-26 15:43:07.267
91600000|0.0139|0|2024-04-26 15:43:07.267
91598000|0.0013|0|2024-04-26 15:43:07.267
91620000|0.0001|1|2024-04-26 15:43:07.267
91626000|0.0001|1|2024-04-26 15:43:07.267
91639000|0.0002|1|2024-04-26 15:43:07.267
91647000|0.0002|1|2024-04-26 15:43:07.267
91658000|0.1258|1|2024-04-26 15:43:07.267
91605000|0.0718|0|2024-04-26 15:43:12.501
91604000|0.3913|0|2024-04-26 15:43:12.501
91603000|0.0776|0|2024-04-26 15:43:12.501
91602000|0.1108|0|2024-04-26 15:43:12.501
91600000|0.0279|0|2024-04-26 15:43:12.501
91619000|0|1|2024-04-26 15:43:12.501
91620000|0.0001|1|2024-04-26 15:43:12.501
91626000|0.0001|1|2024-04-26 15:43:12.501
91639000|0.0002|1|2024-04-26 15:43:12.501
91647000|0.0002|1|2024-04-26 15:43:12.501
91620000|0.001|0|2024-04-26 15:43:17.736
91605000|0.0862|0|2024-04-26 15:43:17.736
91604000|0.0002|0|2024-04-26 15:43:17.736
91603000|0.0776|0|2024-04-26 15:43:17.736
91602000|0.0899|0|2024-04-26 15:43:17.736
91626000|0.0001|1|2024-04-26 15:43:17.736
91639000|0.0002|1|2024-04-26 15:43:17.736
91647000|0.0002|1|2024-04-26 15:43:17.736
91659000|0.0008|1|2024-04-26 15:43:17.736
91662000|0.33|1|2024-04-26 15:43:17.736
91621000|0.3634|0|2024-04-26 15:43:23.018
91620000|0.0238|0|2024-04-26 15:43:23.018
91606000|0.0001|0|2024-04-26 15:43:23.018
91605000|0.0861|0|2024-04-26 15:43:23.018
91604000|0.0002|0|2024-04-26 15:43:23.018
91625000|0.0062|1|2024-04-26 15:43:23.018
91626000|0.0001|1|2024-04-26 15:43:23.018
91639000|0.0002|1|2024-04-26 15:43:23.018
91647000|0.0002|1|2024-04-26 15:43:23.018
91659000|0.0008|1|2024-04-26 15:43:23.018
91621000|0.3586|0|2024-04-26 15:43:28.252
91620000|0.0238|0|2024-04-26 15:43:28.252
91605000|0.0861|0|2024-04-26 15:43:28.252
91604000|0.0002|0|2024-04-26 15:43:28.252
91603000|0.0176|0|2024-04-26 15:43:28.252
91626000|0.0001|1|2024-04-26 15:43:28.252
91639000|0.0002|1|2024-04-26 15:43:28.252
91647000|0.0002|1|2024-04-26 15:43:28.252
91659000|0.0008|1|2024-04-26 15:43:28.252
91662000|0.33|1|2024-04-26 15:43:28.252
91626000|0.0865|0|2024-04-26 15:43:33.505
91621000|0.3529|0|2024-04-26 15:43:33.505
91620000|0.0238|0|2024-04-26 15:43:33.505
91605000|0.0861|0|2024-04-26 15:43:33.505
91604000|0.0012|0|2024-04-26 15:43:33.505
91638000|0.0062|1|2024-04-26 15:43:33.505
91639000|0.0002|1|2024-04-26 15:43:33.505
91647000|0.0002|1|2024-04-26 15:43:33.505
91659000|0.0008|1|2024-04-26 15:43:33.505
91662000|0.33|1|2024-04-26 15:43:33.505
91621000|0.3498|0|2024-04-26 15:43:38.749
91620000|0.002|0|2024-04-26 15:43:38.749
91605000|0.0861|0|2024-04-26 15:43:38.749
91604000|0.0012|0|2024-04-26 15:43:38.749
91602000|0.0897|0|2024-04-26 15:43:38.749
91626000|0.0318|1|2024-04-26 15:43:38.749
91638000|0.0062|1|2024-04-26 15:43:38.749
91639000|0.0002|1|2024-04-26 15:43:38.749
91647000|0.0002|1|2024-04-26 15:43:38.749
91659000|0.0008|1|2024-04-26 15:43:38.749
91621000|0.0032|0|2024-04-26 15:43:44.001
91620000|0.0084|0|2024-04-26 15:43:44.001
91605000|0.0861|0|2024-04-26 15:43:44.001
91604000|0.0012|0|2024-04-26 15:43:44.001
91602000|0.0897|0|2024-04-26 15:43:44.001
91626000|0.0318|1|2024-04-26 15:43:44.001
91638000|0.0062|1|2024-04-26 15:43:44.001
91639000|0.0002|1|2024-04-26 15:43:44.001
91647000|0.0002|1|2024-04-26 15:43:44.001
91658000|0.1247|1|2024-04-26 15:43:44.001
91605000|0.0626|0|2024-04-26 15:43:49.236
91604000|0.0016|0|2024-04-26 15:43:49.236
91602000|0.0897|0|2024-04-26 15:43:49.236
91600000|0.0029|0|2024-04-26 15:43:49.236
91598000|0.0002|0|2024-04-26 15:43:49.236
91638000|0.0725|1|2024-04-26 15:43:49.236
91639000|0.0002|1|2024-04-26 15:43:49.236
91644000|0.33|1|2024-04-26 15:43:49.236
91647000|0.0002|1|2024-04-26 15:43:49.236
91658000|0.1241|1|2024-04-26 15:43:49.236
91605000|0.062|0|2024-04-26 15:43:54.479
91604000|0.0016|0|2024-04-26 15:43:54.479
91602000|0.0897|0|2024-04-26 15:43:54.479
91600000|0.0029|0|2024-04-26 15:43:54.479
91598000|0.0002|0|2024-04-26 15:43:54.479
91638000|0.0725|1|2024-04-26 15:43:54.479
91639000|0.0002|1|2024-04-26 15:43:54.479
91647000|0.0002|1|2024-04-26 15:43:54.479
91658000|0.1238|1|2024-04-26 15:43:54.479
91659000|0.0644|1|2024-04-26 15:43:54.479
91606000|0.0217|0|2024-04-26 15:43:59.723
91605000|0.0702|0|2024-04-26 15:43:59.723
91604000|0.0019|0|2024-04-26 15:43:59.723
91602000|0.0897|0|2024-04-26 15:43:59.723
91600000|0.001|0|2024-04-26 15:43:59.723
91638000|0.0725|1|2024-04-26 15:43:59.723
91639000|0.0002|1|2024-04-26 15:43:59.723
91647000|0.0002|1|2024-04-26 15:43:59.723
91659000|0.1882|1|2024-04-26 15:43:59.723
91660000|0.33|1|2024-04-26 15:43:59.723
91609000|0.0001|0|2024-04-26 15:44:04.968
91605000|0.0686|0|2024-04-26 15:44:04.968
91604000|0.0019|0|2024-04-26 15:44:04.968
91602000|0.09|0|2024-04-26 15:44:04.968
91600000|0.001|0|2024-04-26 15:44:04.968
91638000|0.0568|1|2024-04-26 15:44:04.968
91639000|0.0002|1|2024-04-26 15:44:04.968
91647000|0.0002|1|2024-04-26 15:44:04.968
91659000|0.0644|1|2024-04-26 15:44:04.968
91660000|0.33|1|2024-04-26 15:44:04.968
91610000|0.0008|0|2024-04-26 15:44:10.237
91609000|0.0001|0|2024-04-26 15:44:10.237
91605000|0.0686|0|2024-04-26 15:44:10.237
91604000|0.0019|0|2024-04-26 15:44:10.237
91602000|0.09|0|2024-04-26 15:44:10.237
91638000|0.0568|1|2024-04-26 15:44:10.237
91639000|0.0002|1|2024-04-26 15:44:10.237
91647000|0.0002|1|2024-04-26 15:44:10.237
91658000|0.1231|1|2024-04-26 15:44:10.237
91659000|0.0644|1|2024-04-26 15:44:10.237
91610000|0.0008|0|2024-04-26 15:44:15.495
91609000|0.0001|0|2024-04-26 15:44:15.495
91605000|0.0709|0|2024-04-26 15:44:15.495
91604000|0.0019|0|2024-04-26 15:44:15.495
91602000|0.09|0|2024-04-26 15:44:15.495
91637000|0.1232|1|2024-04-26 15:44:15.495
91638000|0.0567|1|2024-04-26 15:44:15.495
91639000|0.0002|1|2024-04-26 15:44:15.495
91647000|0.0002|1|2024-04-26 15:44:15.495
91659000|0.0644|1|2024-04-26 15:44:15.495
91610000|0.0004|0|2024-04-26 15:44:20.738
91605000|0.0639|0|2024-04-26 15:44:20.738
91604000|0.0019|0|2024-04-26 15:44:20.738
91602000|0.09|0|2024-04-26 15:44:20.738
91600000|0.002|0|2024-04-26 15:44:20.738
91629000|0.3189|1|2024-04-26 15:44:20.738
91638000|0.0546|1|2024-04-26 15:44:20.738
91639000|0.0002|1|2024-04-26 15:44:20.738
91647000|0.0002|1|2024-04-26 15:44:20.738
91659000|0.0644|1|2024-04-26 15:44:20.738
91551000|0.0462|0|2024-04-26 15:44:26.036
91550000|0.0067|0|2024-04-26 15:44:26.036
91541000|0.9|0|2024-04-26 15:44:26.036
91525000|0.0591|0|2024-04-26 15:44:26.036
91524000|1.8143|0|2024-04-26 15:44:26.036
91609000|0.0631|1|2024-04-26 15:44:26.036
91610000|0.0456|1|2024-04-26 15:44:26.036
91628000|0.1245|1|2024-04-26 15:44:26.036
91629000|0.0002|1|2024-04-26 15:44:26.036
91636000|0.06|1|2024-04-26 15:44:26.036
91553000|0.214|0|2024-04-26 15:44:31.274
91552000|0.014|0|2024-04-26 15:44:31.274
91551000|0.3638|0|2024-04-26 15:44:31.274
91550000|0.0067|0|2024-04-26 15:44:31.274
91541000|0.9002|0|2024-04-26 15:44:31.274
91609000|0.0625|1|2024-04-26 15:44:31.274
91629000|0.0002|1|2024-04-26 15:44:31.274
91635000|0.1245|1|2024-04-26 15:44:31.274
91638000|0.33|1|2024-04-26 15:44:31.274
91639000|0.0002|1|2024-04-26 15:44:31.274
91553000|0.0142|0|2024-04-26 15:44:36.546
91552000|0.014|0|2024-04-26 15:44:36.546
91551000|0.3778|0|2024-04-26 15:44:36.546
91550000|0.0207|0|2024-04-26 15:44:36.546
91541000|0.914|0|2024-04-26 15:44:36.546
91609000|0.0559|1|2024-04-26 15:44:36.546
91629000|0.0002|1|2024-04-26 15:44:36.546
91637000|0.1241|1|2024-04-26 15:44:36.546
91638000|0.33|1|2024-04-26 15:44:36.546
91639000|0.0002|1|2024-04-26 15:44:36.546
91554000|0.001|0|2024-04-26 15:44:41.868
91553000|0.0132|0|2024-04-26 15:44:41.868
91552000|0.0007|0|2024-04-26 15:44:41.868
91551000|0.3659|0|2024-04-26 15:44:41.868
91550000|0.0067|0|2024-04-26 15:44:41.868
91609000|0.0557|1|2024-04-26 15:44:41.868
91629000|0.0002|1|2024-04-26 15:44:41.868
91637000|0.1241|1|2024-04-26 15:44:41.868
91638000|0.33|1|2024-04-26 15:44:41.868
91639000|0.0002|1|2024-04-26 15:44:41.868
91554000|0.001|0|2024-04-26 15:44:47.122
91553000|0.0132|0|2024-04-26 15:44:47.122
91552000|0.0007|0|2024-04-26 15:44:47.122
91551000|0.3713|0|2024-04-26 15:44:47.122
91550000|0.0067|0|2024-04-26 15:44:47.122
91609000|0.0568|1|2024-04-26 15:44:47.122
91629000|0.0002|1|2024-04-26 15:44:47.122
91637000|0.1241|1|2024-04-26 15:44:47.122
91638000|0.33|1|2024-04-26 15:44:47.122
91639000|0.0002|1|2024-04-26 15:44:47.122
91555000|0.0571|0|2024-04-26 15:44:52.397
91554000|0.0195|0|2024-04-26 15:44:52.397
91553000|1.8132|0|2024-04-26 15:44:52.397
91552000|0.9007|0|2024-04-26 15:44:52.397
91551000|0.3713|0|2024-04-26 15:44:52.397
91609000|0.0012|1|2024-04-26 15:44:52.397
91629000|0.0002|1|2024-04-26 15:44:52.397
91639000|0.0002|1|2024-04-26 15:44:52.397
91647000|0.0002|1|2024-04-26 15:44:52.397
91659000|0.0008|1|2024-04-26 15:44:52.397
91609000|0.0262|0|2024-04-26 15:44:57.636
91595000|0.33|0|2024-04-26 15:44:57.636
91577000|0.0601|0|2024-04-26 15:44:57.636
91560000|0.0623|0|2024-04-26 15:44:57.636
91559000|1.0115|0|2024-04-26 15:44:57.636
91629000|0.0002|1|2024-04-26 15:44:57.636
91639000|0.0002|1|2024-04-26 15:44:57.636
91647000|0.0002|1|2024-04-26 15:44:57.636
91659000|0.0008|1|2024-04-26 15:44:57.636
91664000|0.0002|1|2024-04-26 15:44:57.636
91634000|0.0847|0|2024-04-26 15:45:02.883
91614000|0.3302|0|2024-04-26 15:45:02.883
91609000|0.026|0|2024-04-26 15:45:02.883
91604000|0.056|0|2024-04-26 15:45:02.883
91596000|1.8|0|2024-04-26 15:45:02.883
91639000|0.0002|1|2024-04-26 15:45:02.883
91647000|0.0002|1|2024-04-26 15:45:02.883
91659000|0.0008|1|2024-04-26 15:45:02.883
91664000|0.0002|1|2024-04-26 15:45:02.883
91667000|0.001|1|2024-04-26 15:45:02.883
91641000|0.066|0|2024-04-26 15:45:08.147
91636000|0.3302|0|2024-04-26 15:45:08.147
91634000|0.0856|0|2024-04-26 15:45:08.147
91632000|0.0651|0|2024-04-26 15:45:08.147
91615000|0.0502|0|2024-04-26 15:45:08.147
91647000|0.0002|1|2024-04-26 15:45:08.147
91659000|0.0008|1|2024-04-26 15:45:08.147
91664000|0.0002|1|2024-04-26 15:45:08.147
91667000|0.001|1|2024-04-26 15:45:08.147
91669000|0.0062|1|2024-04-26 15:45:08.147
91641000|0.0597|0|2024-04-26 15:45:13.384
91636000|0.0002|0|2024-04-26 15:45:13.384
91634000|0.001|0|2024-04-26 15:45:13.384
91632000|0.0651|0|2024-04-26 15:45:13.384
91615000|0.0502|0|2024-04-26 15:45:13.384
91679000|0.0017|1|2024-04-26 15:45:13.384
91700000|0.0111|1|2024-04-26 15:45:13.384
91702000|0.001|1|2024-04-26 15:45:13.384
91712000|0.0005|1|2024-04-26 15:45:13.384
91720000|0.0001|1|2024-04-26 15:45:13.384
91643000|0.0123|0|2024-04-26 15:45:18.677
91642000|0.008|0|2024-04-26 15:45:18.677
91641000|0.001|0|2024-04-26 15:45:18.677
91636000|0.0005|0|2024-04-26 15:45:18.677
91634000|0.001|0|2024-04-26 15:45:18.677
91678000|0.0062|1|2024-04-26 15:45:18.677
91679000|0.0017|1|2024-04-26 15:45:18.677
91700000|0.0111|1|2024-04-26 15:45:18.677
91702000|0.001|1|2024-04-26 15:45:18.677
91712000|0.0005|1|2024-04-26 15:45:18.677
91666000|0.0057|0|2024-04-26 15:45:23.916
91643000|0.001|0|2024-04-26 15:45:23.916
91642000|0.0188|0|2024-04-26 15:45:23.916
91641000|0.001|0|2024-04-26 15:45:23.916
91638000|0.0551|0|2024-04-26 15:45:23.916
91678000|0.0034|1|2024-04-26 15:45:23.916
91679000|0.0017|1|2024-04-26 15:45:23.916
91700000|0.0111|1|2024-04-26 15:45:23.916
91702000|0.001|1|2024-04-26 15:45:23.916
91712000|0.0005|1|2024-04-26 15:45:23.916
91666000|0.0014|0|2024-04-26 15:45:29.161
91647000|0.001|0|2024-04-26 15:45:29.161
91643000|0.001|0|2024-04-26 15:45:29.161
91642000|0.0188|0|2024-04-26 15:45:29.161
91641000|0.088|0|2024-04-26 15:45:29.161
91678000|0.0034|1|2024-04-26 15:45:29.161
91679000|0.0017|1|2024-04-26 15:45:29.161
91700000|0.0111|1|2024-04-26 15:45:29.161
91702000|0.001|1|2024-04-26 15:45:29.161
91712000|0.0005|1|2024-04-26 15:45:29.161
91668000|0.0123|0|2024-04-26 15:45:34.397
91667000|0.0001|0|2024-04-26 15:45:34.397
91666000|0.0012|0|2024-04-26 15:45:34.397
91656000|0.064|0|2024-04-26 15:45:34.397
91647000|0.0014|0|2024-04-26 15:45:34.397
91679000|0.0017|1|2024-04-26 15:45:34.397
91700000|0.0111|1|2024-04-26 15:45:34.397
91702000|0.001|1|2024-04-26 15:45:34.397
91712000|0.0005|1|2024-04-26 15:45:34.397
91720000|0.0001|1|2024-04-26 15:45:34.397
91667000|0.0001|0|2024-04-26 15:45:39.640
91666000|0.6106|0|2024-04-26 15:45:39.640
91663000|0.0002|0|2024-04-26 15:45:39.640
91647000|0.0014|0|2024-04-26 15:45:39.640
91643000|0.0013|0|2024-04-26 15:45:39.640
91679000|0.0017|1|2024-04-26 15:45:39.640
91681000|0.0111|1|2024-04-26 15:45:39.640
91700000|0.0111|1|2024-04-26 15:45:39.640
91702000|0.001|1|2024-04-26 15:45:39.640
91712000|0.0005|1|2024-04-26 15:45:39.640
91667000|0.0995|0|2024-04-26 15:45:45.105
91666000|0.6109|0|2024-04-26 15:45:45.105
91663000|0.0002|0|2024-04-26 15:45:45.105
91647000|0.0014|0|2024-04-26 15:45:45.105
91643000|0.0013|0|2024-04-26 15:45:45.105
91678000|0.0174|1|2024-04-26 15:45:45.105
91679000|0.0017|1|2024-04-26 15:45:45.105
91681000|0.0111|1|2024-04-26 15:45:45.105
91700000|0.0111|1|2024-04-26 15:45:45.105
91702000|0.001|1|2024-04-26 15:45:45.105
91678000|0.001|0|2024-04-26 15:45:50.346
91667000|0.0801|0|2024-04-26 15:45:50.346
91666000|0.6109|0|2024-04-26 15:45:50.346
91663000|0.0002|0|2024-04-26 15:45:50.346
91647000|0.0014|0|2024-04-26 15:45:50.346
91679000|0.0018|1|2024-04-26 15:45:50.346
91681000|0.0111|1|2024-04-26 15:45:50.346
91700000|0.0111|1|2024-04-26 15:45:50.346
91702000|0.001|1|2024-04-26 15:45:50.346
91712000|0.0005|1|2024-04-26 15:45:50.346
91667000|0.1066|0|2024-04-26 15:45:55.591
91666000|0.6109|0|2024-04-26 15:45:55.591
91663000|0.0002|0|2024-04-26 15:45:55.591
91647000|0.0014|0|2024-04-26 15:45:55.591
91643000|0.0016|0|2024-04-26 15:45:55.591
91681000|0.0111|1|2024-04-26 15:45:55.591
91700000|0.0111|1|2024-04-26 15:45:55.591
91702000|0.001|1|2024-04-26 15:45:55.591
91711000|0.1228|1|2024-04-26 15:45:55.591
91712000|0.0005|1|2024-04-26 15:45:55.591
91566000|0.8822|0|2024-04-26 15:46:00.819
91564000|1.8|0|2024-04-26 15:46:00.819
91558000|0.0003|0|2024-04-26 15:46:00.819
91554000|0.001|0|2024-04-26 15:46:00.819
91553000|0.001|0|2024-04-26 15:46:00.819
91660000|0.0588|1|2024-04-26 15:46:00.819
91661000|0.0762|1|2024-04-26 15:46:00.819
91662000|0.0559|1|2024-04-26 15:46:00.819
91664000|0.0565|1|2024-04-26 15:46:00.819
91666000|0.0407|1|2024-04-26 15:46:00.819
91566000|0.8833|0|2024-04-26 15:46:06.055
91558000|0.0003|0|2024-04-26 15:46:06.055
91554000|0.001|0|2024-04-26 15:46:06.055
91553000|0.001|0|2024-04-26 15:46:06.055
91552000|0.0502|0|2024-04-26 15:46:06.055
91656000|0.0131|1|2024-04-26 15:46:06.055
91657000|0.062|1|2024-04-26 15:46:06.055
91678000|0.058|1|2024-04-26 15:46:06.055
91688000|0.0313|1|2024-04-26 15:46:06.055
91700000|0.0111|1|2024-04-26 15:46:06.055
91585000|0.0041|0|2024-04-26 15:46:11.292
91568000|0.125|0|2024-04-26 15:46:11.292
91567000|1.8|0|2024-04-26 15:46:11.292
91566000|0.8832|0|2024-04-26 15:46:11.292
