price|quantity|type|timestamp
4612000|5.89731405|1|2024-04-27 17:39:35
4613000|1.08822893|1|2024-04-27 17:39:35
4614000|1.67904628|1|2024-04-27 17:39:35
4615000|1.07078859|1|2024-04-27 17:39:35
4616000|1.50817341|1|2024-04-27 17:39:35
4610000|1.93380269|0|2024-04-27 17:39:35
4609000|0.007|0|2024-04-27 17:39:35
4608000|3.47525912|0|2024-04-27 17:39:35
4607000|5.81267484|0|2024-04-27 17:39:35
4605000|1.32570394|0|2024-04-27 17:39:35
4614000|1.65784432|1|2024-04-27 17:39:41
4615000|1.07078859|1|2024-04-27 17:39:41
4616000|1.57353281|1|2024-04-27 17:39:41
4617000|3.126104|1|2024-04-27 17:39:41
4618000|2.41388277|1|2024-04-27 17:39:41
4613000|2.39205867|0|2024-04-27 17:39:41
4610000|2.06386259|0|2024-04-27 17:39:41
4609000|1.2936|0|2024-04-27 17:39:41
4608000|1.38679189|0|2024-04-27 17:39:41
4607000|1.39331886|0|2024-04-27 17:39:41
4614000|1.4700611|1|2024-04-27 17:39:47
4615000|1.07078859|1|2024-04-27 17:39:47
4616000|1.57683281|1|2024-04-27 17:39:47
4617000|3.200104|1|2024-04-27 17:39:47
4618000|2.41388277|1|2024-04-27 17:39:47
4612000|2.91671913|0|2024-04-27 17:39:47
4610000|0.10845986|0|2024-04-27 17:39:47
4609000|0.0336178|0|2024-04-27 17:39:47
4608000|2.66309189|0|2024-04-27 17:39:47
4607000|2.57246874|0|2024-04-27 17:39:47
4614000|1.246|1|2024-04-27 17:39:54
4615000|1.05128697|1|2024-04-27 17:39:54
4616000|2.86647341|1|2024-04-27 17:39:54
4617000|2.8891862|1|2024-04-27 17:39:54
4618000|2.13124217|1|2024-04-27 17:39:54
4612000|3.8883425|0|2024-04-27 17:39:54
4610000|0.10845986|0|2024-04-27 17:39:54
4609000|2.6285633|0|2024-04-27 17:39:54
4608000|1.322|0|2024-04-27 17:39:54
4607000|1.25114988|0|2024-04-27 17:39:54
4615000|2.13082535|1|2024-04-27 17:40:00
4616000|1.94969295|1|2024-04-27 17:40:00
4617000|2.8891862|1|2024-04-27 17:40:00
4618000|3.83955997|1|2024-04-27 17:40:00
4619000|5.45502948|1|2024-04-27 17:40:00
4614000|6.00716761|0|2024-04-27 17:40:00
4613000|0.35163538|0|2024-04-27 17:40:00
4612000|3.8393425|0|2024-04-27 17:40:00
4610000|1.37865986|0|2024-04-27 17:40:00
4609000|2.7408543|0|2024-04-27 17:40:00
4635000|0.00441209|1|2024-04-27 17:40:06
4636000|8.79036305|1|2024-04-27 17:40:06
4637000|0.05582286|1|2024-04-27 17:40:06
4638000|1.97957325|1|2024-04-27 17:40:06
4639000|0.51571849|1|2024-04-27 17:40:06
4632000|0.56786298|0|2024-04-27 17:40:06
4629000|1.50541548|0|2024-04-27 17:40:06
4628000|0.074|0|2024-04-27 17:40:06
4625000|0.007563|0|2024-04-27 17:40:06
4623000|0.148|0|2024-04-27 17:40:06
4631000|3.7e-07|1|2024-04-27 17:40:12
4635000|2.6026|1|2024-04-27 17:40:12
4636000|8.79036305|1|2024-04-27 17:40:12
4637000|2.12244906|1|2024-04-27 17:40:12
4638000|2.24661897|1|2024-04-27 17:40:12
4630000|0.2161031|0|2024-04-27 17:40:12
4628000|2.54957206|0|2024-04-27 17:40:12
4626000|1.224|0|2024-04-27 17:40:12
4625000|0.050784|0|2024-04-27 17:40:12
4623000|0.148|0|2024-04-27 17:40:12
4634000|1.47|1|2024-04-27 17:40:18
4635000|1.3183|1|2024-04-27 17:40:18
4636000|9.68521709|1|2024-04-27 17:40:18
4637000|0.05582286|1|2024-04-27 17:40:18
4638000|1.91557325|1|2024-04-27 17:40:18
4631000|0.08101304|0|2024-04-27 17:40:18
4630000|1.66988103|0|2024-04-27 17:40:18
4628000|1.46602599|0|2024-04-27 17:40:18
4627000|1.1045|0|2024-04-27 17:40:18
4626000|1.3|0|2024-04-27 17:40:18
4634000|1.87809155|1|2024-04-27 17:40:24
4636000|8.55521709|1|2024-04-27 17:40:24
4637000|0.05582286|1|2024-04-27 17:40:24
4638000|1.91557325|1|2024-04-27 17:40:24
4639000|0.60771849|1|2024-04-27 17:40:24
4632000|1.55204674|0|2024-04-27 17:40:24
4631000|1.13791745|0|2024-04-27 17:40:24
4630000|1.63981378|0|2024-04-27 17:40:24
4629000|1.0133|0|2024-04-27 17:40:24
4628000|2.44357206|0|2024-04-27 17:40:24
4634000|1.81309155|1|2024-04-27 17:40:30
4636000|8.55521709|1|2024-04-27 17:40:30
4637000|0.05582286|1|2024-04-27 17:40:30
4638000|1.91557325|1|2024-04-27 17:40:30
4639000|0.90471849|1|2024-04-27 17:40:30
4632000|3.07969529|0|2024-04-27 17:40:30
4631000|1.13791745|0|2024-04-27 17:40:30
4630000|2.92981378|0|2024-04-27 17:40:30
4629000|1.0129|0|2024-04-27 17:40:30
4628000|2.44357206|0|2024-04-27 17:40:30
4633000|0.19318964|1|2024-04-27 17:40:36
4634000|3.1159323|1|2024-04-27 17:40:36
4635000|1.3299|1|2024-04-27 17:40:36
4636000|13.09528508|1|2024-04-27 17:40:36
4637000|0.05582286|1|2024-04-27 17:40:36
4632000|3.47219873|0|2024-04-27 17:40:36
4631000|1.13791745|0|2024-04-27 17:40:36
4630000|1.63981378|0|2024-04-27 17:40:36
4628000|2.37157206|0|2024-04-27 17:40:36
4627000|1.0089|0|2024-04-27 17:40:36
4631000|0.12419875|1|2024-04-27 17:40:42
4632000|1.31|1|2024-04-27 17:40:42
4633000|1.3179|1|2024-04-27 17:40:42
4634000|4.6239323|1|2024-04-27 17:40:42
4635000|1.44944882|1|2024-04-27 17:40:42
4628000|2.66387678|0|2024-04-27 17:40:42
4626000|1.232|0|2024-04-27 17:40:42
4625000|2.31300036|0|2024-04-27 17:40:42
4624000|1.308|0|2024-04-27 17:40:42
4622000|3.835|0|2024-04-27 17:40:42
4628000|1.82440574|1|2024-04-27 17:40:48
4630000|1.2959|1|2024-04-27 17:40:48
4631000|0.98631436|1|2024-04-27 17:40:48
4632000|3.93162004|1|2024-04-27 17:40:48
4633000|0.317|1|2024-04-27 17:40:48
4625000|1.288784|0|2024-04-27 17:40:48
4624000|1.24617387|0|2024-04-27 17:40:48
4623000|1.3298|0|2024-04-27 17:40:48
4622000|1.138|0|2024-04-27 17:40:48
4619000|1.03952668|0|2024-04-27 17:40:48
4630000|1.03671706|1|2024-04-27 17:40:54
4631000|0.98631436|1|2024-04-27 17:40:54
4632000|2.44842004|1|2024-04-27 17:40:54
4633000|2.645|1|2024-04-27 17:40:54
4634000|6.19113663|1|2024-04-27 17:40:54
4628000|0.4153935|0|2024-04-27 17:40:54
4627000|0.43224551|0|2024-04-27 17:40:54
4625000|1.238684|0|2024-04-27 17:40:54
4624000|1.24617387|0|2024-04-27 17:40:54
4623000|1.3267|0|2024-04-27 17:40:54
4630000|0.00086394|1|2024-04-27 17:41:00
4634000|0.00647389|1|2024-04-27 17:41:00
4635000|0.897|1|2024-04-27 17:41:00
4636000|16.11128508|1|2024-04-27 17:41:00
4637000|0.91564548|1|2024-04-27 17:41:00
4628000|1.338|0|2024-04-27 17:41:00
4627000|2.68803859|0|2024-04-27 17:41:00
4626000|1.0|0|2024-04-27 17:41:00
4625000|1.238684|0|2024-04-27 17:41:00
4623000|1.0|0|2024-04-27 17:41:00
4636000|11.18574388|1|2024-04-27 17:41:06
4637000|0.05582286|1|2024-04-27 17:41:06
4638000|0.62757325|1|2024-04-27 17:41:06
4639000|0.51571849|1|2024-04-27 17:41:06
4640000|3.37498521|1|2024-04-27 17:41:06
4634000|1.216|0|2024-04-27 17:41:06
4633000|1.2988|0|2024-04-27 17:41:06
4632000|1.334|0|2024-04-27 17:41:06
4630000|5.454|0|2024-04-27 17:41:06
4629000|3.90172952|0|2024-04-27 17:41:06
4637000|0.05582286|1|2024-04-27 17:41:12
4638000|0.62757325|1|2024-04-27 17:41:12
4639000|0.51571849|1|2024-04-27 17:41:12
4640000|3.35498521|1|2024-04-27 17:41:12
4641000|0.04242453|1|2024-04-27 17:41:12
4636000|1.298|0|2024-04-27 17:41:12
4634000|5.439|0|2024-04-27 17:41:12
4632000|1.334|0|2024-04-27 17:41:12
4630000|1.304|0|2024-04-27 17:41:12
4629000|0.074|0|2024-04-27 17:41:12
4642000|0.05822603|1|2024-04-27 17:41:18
4643000|1.22987931|1|2024-04-27 17:41:18
4644000|4.27312316|1|2024-04-27 17:41:18
4645000|8.3745783|1|2024-04-27 17:41:18
4646000|0.29046929|1|2024-04-27 17:41:18
4640000|21.24926992|0|2024-04-27 17:41:18
4638000|2.86753073|0|2024-04-27 17:41:18
4637000|2.17030523|0|2024-04-27 17:41:18
4636000|0.69761277|0|2024-04-27 17:41:18
4634000|2.89|0|2024-04-27 17:41:18
4643000|1.13524461|1|2024-04-27 17:41:24
4644000|0.3217881|1|2024-04-27 17:41:24
4645000|8.3745783|1|2024-04-27 17:41:24
4646000|1.28048732|1|2024-04-27 17:41:24
4647000|6.10629879|1|2024-04-27 17:41:24
4641000|1.34705295|0|2024-04-27 17:41:24
4640000|24.20435623|0|2024-04-27 17:41:24
4638000|0.43567811|0|2024-04-27 17:41:24
4637000|2.17030523|0|2024-04-27 17:41:24
4636000|0.69761277|0|2024-04-27 17:41:24
4643000|0.67531565|1|2024-04-27 17:41:31
4644000|5.53670123|1|2024-04-27 17:41:31
4645000|10.57176504|1|2024-04-27 17:41:31
4646000|1.28048732|1|2024-04-27 17:41:31
4647000|6.18229879|1|2024-04-27 17:41:31
4642000|0.04854366|0|2024-04-27 17:41:31
4641000|0.15913417|0|2024-04-27 17:41:31
4640000|0.0883217|0|2024-04-27 17:41:31
4638000|3.98026272|0|2024-04-27 17:41:31
4637000|0.87871633|0|2024-04-27 17:41:31
4644000|1.53338675|1|2024-04-27 17:41:37
4645000|10.57176504|1|2024-04-27 17:41:37
4646000|1.49572624|1|2024-04-27 17:41:37
4647000|6.10629879|1|2024-04-27 17:41:37
4648000|6.28572957|1|2024-04-27 17:41:37
4643000|1.6875251|0|2024-04-27 17:41:37
4642000|0.83101253|0|2024-04-27 17:41:37
4641000|0.84641241|0|2024-04-27 17:41:37
4640000|0.1883217|0|2024-04-27 17:41:37
4638000|2.70969218|0|2024-04-27 17:41:37
4645000|0.42631453|1|2024-04-27 17:41:43
4646000|1.65417488|1|2024-04-27 17:41:43
4647000|6.82099879|1|2024-04-27 17:41:43
4648000|5.13972957|1|2024-04-27 17:41:43
4649000|0.20785522|1|2024-04-27 17:41:43
4644000|0.15903138|0|2024-04-27 17:41:43
4643000|1.10768899|0|2024-04-27 17:41:43
4642000|1.96182779|0|2024-04-27 17:41:43
4641000|0.2|0|2024-04-27 17:41:43
4640000|1.5183217|0|2024-04-27 17:41:43
4644000|1.43005734|1|2024-04-27 17:41:49
4645000|0.29373059|1|2024-04-27 17:41:49
4646000|2.35897488|1|2024-04-27 17:41:49
4647000|6.12629879|1|2024-04-27 17:41:49
4648000|7.28111128|1|2024-04-27 17:41:49
4643000|5.71056874|0|2024-04-27 17:41:49
4642000|1.96182779|0|2024-04-27 17:41:49
4641000|0.2|0|2024-04-27 17:41:49
4640000|0.1883217|0|2024-04-27 17:41:49
4639000|1.3265|0|2024-04-27 17:41:49
4644000|1.11444635|1|2024-04-27 17:41:55
4645000|0.91789793|1|2024-04-27 17:41:55
4646000|1.65632727|1|2024-04-27 17:41:55
4647000|6.12629879|1|2024-04-27 17:41:55
4648000|5.13972957|1|2024-04-27 17:41:55
4643000|9.20602909|0|2024-04-27 17:41:55
4642000|1.86985031|0|2024-04-27 17:41:55
4641000|0.2|0|2024-04-27 17:41:55
4640000|0.1883217|0|2024-04-27 17:41:55
4638000|2.65858161|0|2024-04-27 17:41:55
4644000|0.93479568|1|2024-04-27 17:42:01
4645000|0.91485079|1|2024-04-27 17:42:01
4646000|1.65632727|1|2024-04-27 17:42:01
4647000|3.50129879|1|2024-04-27 17:42:01
4648000|6.52403965|1|2024-04-27 17:42:01
4643000|9.77145763|0|2024-04-27 17:42:01
4642000|0.79350439|0|2024-04-27 17:42:01
4641000|0.2|0|2024-04-27 17:42:01
4640000|0.1883217|0|2024-04-27 17:42:01
4638000|1.58053073|0|2024-04-27 17:42:01
4644000|1.07304016|1|2024-04-27 17:42:07
4645000|0.22005079|1|2024-04-27 17:42:07
4646000|1.68632727|1|2024-04-27 17:42:07
4647000|3.48129879|1|2024-04-27 17:42:07
4648000|6.39988104|1|2024-04-27 17:42:07
4643000|10.25454475|0|2024-04-27 17:42:07
4642000|0.79350439|0|2024-04-27 17:42:07
4641000|1.27657784|0|2024-04-27 17:42:07
4640000|0.1883217|0|2024-04-27 17:42:07
4638000|1.58053073|0|2024-04-27 17:42:07
4645000|0.22005079|1|2024-04-27 17:42:13
4646000|0.39032727|1|2024-04-27 17:42:13
4647000|3.48345072|1|2024-04-27 17:42:13
4648000|6.39988104|1|2024-04-27 17:42:13
4649000|0.28560946|1|2024-04-27 17:42:13
4643000|9.46181037|0|2024-04-27 17:42:13
4642000|1.30903552|0|2024-04-27 17:42:13
4641000|1.2725|0|2024-04-27 17:42:13
4640000|1.3343217|0|2024-04-27 17:42:13
4638000|1.58053073|0|2024-04-27 17:42:13
4650000|37.24827859|1|2024-04-27 17:42:19
4651000|10.90111228|1|2024-04-27 17:42:19
4652000|1.35722705|1|2024-04-27 17:42:19
4653000|1.28040531|1|2024-04-27 17:42:19
4654000|7.1439876|1|2024-04-27 17:42:19
4648000|1.366|0|2024-04-27 17:42:19
4647000|3.43098|0|2024-04-27 17:42:19
4646000|0.5472|0|2024-04-27 17:42:19
4644000|1.39721063|0|2024-04-27 17:42:19
4643000|9.96656634|0|2024-04-27 17:42:19
4649000|2.186|1|2024-04-27 17:42:25
4650000|25.40416652|1|2024-04-27 17:42:25
4651000|11.11611981|1|2024-04-27 17:42:25
4652000|2.66336153|1|2024-04-27 17:42:25
4653000|3.95253239|1|2024-04-27 17:42:25
4645000|1.24062869|0|2024-04-27 17:42:25
4644000|1.25103505|0|2024-04-27 17:42:25
4643000|9.27210728|0|2024-04-27 17:42:25
4642000|0.01103552|0|2024-04-27 17:42:25
4640000|1.4463217|0|2024-04-27 17:42:25
4649000|3.32068031|1|2024-04-27 17:42:31
4650000|24.24616652|1|2024-04-27 17:42:31
4651000|11.11611981|1|2024-04-27 17:42:31
4652000|2.66336153|1|2024-04-27 17:42:31
4653000|1.57840531|1|2024-04-27 17:42:31
4648000|7.17299917|0|2024-04-27 17:42:31
4645000|0.85630628|0|2024-04-27 17:42:31
4644000|3.24073022|0|2024-04-27 17:42:31
4643000|9.34410728|0|2024-04-27 17:42:31
4642000|1.27903552|0|2024-04-27 17:42:31
4650000|18.0624308|1|2024-04-27 17:42:37
4651000|11.11611981|1|2024-04-27 17:42:37
4652000|2.62536153|1|2024-04-27 17:42:37
4653000|3.88053239|1|2024-04-27 17:42:37
4654000|7.1439876|1|2024-04-27 17:42:37
4648000|7.24647454|0|2024-04-27 17:42:37
4645000|0.85630628|0|2024-04-27 17:42:37
4644000|3.24533022|0|2024-04-27 17:42:37
4643000|9.34410728|0|2024-04-27 17:42:37
4642000|1.27903552|0|2024-04-27 17:42:37
4648000|1.08625109|1|2024-04-27 17:42:43
4649000|1.0|1|2024-04-27 17:42:43
4650000|16.8944308|1|2024-04-27 17:42:43
4651000|11.11611981|1|2024-04-27 17:42:43
4652000|2.62536153|1|2024-04-27 17:42:43
4647000|0.59377133|0|2024-04-27 17:42:43
4645000|1.86061198|0|2024-04-27 17:42:43
4644000|2.11903022|0|2024-04-27 17:42:43
4643000|7.17498377|0|2024-04-27 17:42:43
4642000|1.15303552|0|2024-04-27 17:42:43
4646000|1.294|1|2024-04-27 17:42:49
4647000|1.264|1|2024-04-27 17:42:49
4648000|1.7782926|1|2024-04-27 17:42:49
4649000|2.43110003|1|2024-04-27 17:42:49
4650000|18.15021108|1|2024-04-27 17:42:49
4645000|1.86061198|0|2024-04-27 17:42:49
4644000|0.87841687|0|2024-04-27 17:42:49
4643000|7.17498377|0|2024-04-27 17:42:49
4642000|0.01103552|0|2024-04-27 17:42:49
4640000|0.28161557|0|2024-04-27 17:42:49
4647000|0.00563863|1|2024-04-27 17:42:55
4648000|1.7097926|1|2024-04-27 17:42:55
4649000|2.48710003|1|2024-04-27 17:42:55
4650000|17.98561465|1|2024-04-27 17:42:55
4651000|11.11611981|1|2024-04-27 17:42:55
4646000|0.10517175|0|2024-04-27 17:42:55
4645000|3.94206567|0|2024-04-27 17:42:55
4644000|2.13373946|0|2024-04-27 17:42:55
4643000|5.99040484|0|2024-04-27 17:42:55
4642000|1.31503552|0|2024-04-27 17:42:55
4647000|1.12963863|1|2024-04-27 17:43:02
4648000|1.7101926|1|2024-04-27 17:43:02
4649000|4.95759347|1|2024-04-27 17:43:02
4650000|16.89621108|1|2024-04-27 17:43:02
4651000|11.11611981|1|2024-04-27 17:43:02
4646000|0.10094277|0|2024-04-27 17:43:02
4645000|2.83873023|0|2024-04-27 17:43:02
4644000|3.37429055|0|2024-04-27 17:43:02
4643000|5.75040484|0|2024-04-27 17:43:02
4642000|0.01103552|0|2024-04-27 17:43:02
4645000|0.8881627|1|2024-04-27 17:43:08
4646000|1.342|1|2024-04-27 17:43:08
4647000|1.43503863|1|2024-04-27 17:43:08
4648000|0.4302926|1|2024-04-27 17:43:08
4649000|5.11210003|1|2024-04-27 17:43:08
4644000|1.43396252|0|2024-04-27 17:43:08
4643000|5.68444059|0|2024-04-27 17:43:08
4642000|0.01103552|0|2024-04-27 17:43:08
4640000|0.20961557|0|2024-04-27 17:43:08
4639000|1.24163925|0|2024-04-27 17:43:08
4640000|0.81034417|1|2024-04-27 17:43:14
4644000|0.22622477|1|2024-04-27 17:43:14
4645000|1.188|1|2024-04-27 17:43:14
4646000|0.076|1|2024-04-27 17:43:14
4647000|1.17963863|1|2024-04-27 17:43:14
4638000|0.22360937|0|2024-04-27 17:43:14
4637000|2.6157|0|2024-04-27 17:43:14
4636000|1.24201558|0|2024-04-27 17:43:14
4635000|1.24757497|0|2024-04-27 17:43:14
4632000|0.07|0|2024-04-27 17:43:14
4640000|0.52179014|1|2024-04-27 17:43:20
4642000|0.00118483|1|2024-04-27 17:43:20
4644000|1.95283768|1|2024-04-27 17:43:20
4645000|1.188|1|2024-04-27 17:43:20
4646000|0.076|1|2024-04-27 17:43:20
4639000|0.24700045|0|2024-04-27 17:43:20
4637000|1.268|0|2024-04-27 17:43:20
4636000|1.24201558|0|2024-04-27 17:43:20
4635000|1.226|0|2024-04-27 17:43:20
4632000|1.3995|0|2024-04-27 17:43:20
4639000|0.03887876|1|2024-04-27 17:43:26
4640000|0.17959835|1|2024-04-27 17:43:26
4642000|0.00716417|1|2024-04-27 17:43:26
4644000|0.30022477|1|2024-04-27 17:43:26
4645000|1.298|1|2024-04-27 17:43:26
4636000|2.5165|0|2024-04-27 17:43:26
4635000|2.39275|0|2024-04-27 17:43:26
4634000|1.04359014|0|2024-04-27 17:43:26
4632000|0.3289381|0|2024-04-27 17:43:26
4631000|4.35248866|0|2024-04-27 17:43:26
4638000|0.0668582|1|2024-04-27 17:43:32
4639000|4.4361074|1|2024-04-27 17:43:32
4640000|0.24638591|1|2024-04-27 17:43:32
4642000|0.00597934|1|2024-04-27 17:43:32
4643000|1.288|1|2024-04-27 17:43:32
4635000|1.35123122|0|2024-04-27 17:43:32
4634000|1.60023236|0|2024-04-27 17:43:32
4632000|1.6637381|0|2024-04-27 17:43:32
4631000|2.625|0|2024-04-27 17:43:32
4630000|0.078|0|2024-04-27 17:43:32
4639000|1.22143362|1|2024-04-27 17:43:38
4640000|0.24638591|1|2024-04-27 17:43:38
4642000|0.00597934|1|2024-04-27 17:43:38
4644000|2.74970242|1|2024-04-27 17:43:38
4645000|1.298|1|2024-04-27 17:43:38
4637000|1.23440165|0|2024-04-27 17:43:38
4636000|0.9097|0|2024-04-27 17:43:38
4635000|2.66975094|0|2024-04-27 17:43:38
4634000|1.60023236|0|2024-04-27 17:43:38
4632000|0.3289381|0|2024-04-27 17:43:38
4639000|0.26842212|1|2024-04-27 17:43:44
4640000|0.28028591|1|2024-04-27 17:43:44
4642000|0.00597934|1|2024-04-27 17:43:44
4644000|0.29822477|1|2024-04-27 17:43:44
4645000|1.80047256|1|2024-04-27 17:43:44
4637000|5.56049074|0|2024-04-27 17:43:44
4636000|0.9097|0|2024-04-27 17:43:44
4635000|2.7856477|0|2024-04-27 17:43:44
4634000|1.60023236|0|2024-04-27 17:43:44
4632000|0.3289381|0|2024-04-27 17:43:44
4640000|0.10721802|1|2024-04-27 17:43:50
4642000|0.00597934|1|2024-04-27 17:43:50
4643000|0.00131362|1|2024-04-27 17:43:50
4644000|0.22622477|1|2024-04-27 17:43:50
4646000|0.30222477|1|2024-04-27 17:43:50
4639000|0.18585909|0|2024-04-27 17:43:50
4638000|2.54656866|0|2024-04-27 17:43:50
4637000|5.56049074|0|2024-04-27 17:43:50
4635000|1.65385787|0|2024-04-27 17:43:50
4634000|1.68501984|0|2024-04-27 17:43:50
4642000|0.44211506|1|2024-04-27 17:43:56
4643000|0.00131362|1|2024-04-27 17:43:56
4644000|0.656888|1|2024-04-27 17:43:56
4647000|4.19971056|1|2024-04-27 17:43:56
4648000|0.07733383|1|2024-04-27 17:43:56
4639000|1.3289|0|2024-04-27 17:43:56
4638000|1.30189996|0|2024-04-27 17:43:56
4637000|5.56049074|0|2024-04-27 17:43:56
4636000|0.072|0|2024-04-27 17:43:56
4635000|1.65385787|0|2024-04-27 17:43:56
4642000|0.132137|1|2024-04-27 17:44:02
4643000|0.00131362|1|2024-04-27 17:44:02
4644000|0.656888|1|2024-04-27 17:44:02
4647000|0.00563863|1|2024-04-27 17:44:02
4648000|0.07733383|1|2024-04-27 17:44:02
4640000|2.5249|0|2024-04-27 17:44:02
4639000|0.50759915|0|2024-04-27 17:44:02
4638000|1.82443697|0|2024-04-27 17:44:02
4637000|10.47109716|0|2024-04-27 17:44:02
4636000|0.072|0|2024-04-27 17:44:02
4642000|6.079e-05|1|2024-04-27 17:44:08
4643000|0.21669161|1|2024-04-27 17:44:08
4644000|0.656888|1|2024-04-27 17:44:08
4647000|0.00563863|1|2024-04-27 17:44:08
4648000|0.0794853|1|2024-04-27 17:44:08
4640000|3.65353286|0|2024-04-27 17:44:08
4639000|0.25379915|0|2024-04-27 17:44:08
4638000|1.82443697|0|2024-04-27 17:44:08
4637000|6.03713321|0|2024-04-27 17:44:08
4636000|0.072|0|2024-04-27 17:44:08
4647000|0.00563863|1|2024-04-27 17:44:14
4648000|0.0034853|1|2024-04-27 17:44:14
4649000|0.21725104|1|2024-04-27 17:44:14
4650000|16.73175737|1|2024-04-27 17:44:14
4651000|12.55726387|1|2024-04-27 17:44:14
4644000|0.6868|0|2024-04-27 17:44:14
4643000|2.471|0|2024-04-27 17:44:14
4642000|2.63548071|0|2024-04-27 17:44:14
4641000|1.25|0|2024-04-27 17:44:14
4640000|1.23833286|0|2024-04-27 17:44:14
4644000|0.06826093|1|2024-04-27 17:44:20
4647000|3.85063863|1|2024-04-27 17:44:20
4648000|0.0034853|1|2024-04-27 17:44:20
4649000|1.55836386|1|2024-04-27 17:44:20
4650000|16.73175737|1|2024-04-27 17:44:20
4643000|0.10248628|0|2024-04-27 17:44:20
4642000|1.87171464|0|2024-04-27 17:44:20
4640000|2.513|0|2024-04-27 17:44:20
4639000|1.73821426|0|2024-04-27 17:44:20
4638000|1.90043697|0|2024-04-27 17:44:20
4646000|1.13301935|1|2024-04-27 17:44:27
4647000|0.00563863|1|2024-04-27 17:44:27
4648000|0.31257171|1|2024-04-27 17:44:27
4649000|1.55836386|1|2024-04-27 17:44:27
4650000|19.33188445|1|2024-04-27 17:44:27
4644000|0.75458474|0|2024-04-27 17:44:27
4643000|0.86210979|0|2024-04-27 17:44:27
4642000|3.13171464|0|2024-04-27 17:44:27
4641000|1.2982|0|2024-04-27 17:44:27
4640000|1.2|0|2024-04-27 17:44:27
4650000|13.71343062|1|2024-04-27 17:44:33
4651000|17.23417343|1|2024-04-27 17:44:33
4652000|0.28592412|1|2024-04-27 17:44:33
4653000|1.35440531|1|2024-04-27 17:44:33
4654000|6.01013629|1|2024-04-27 17:44:33
4644000|7.61279158|0|2024-04-27 17:44:33
4643000|2.15850979|0|2024-04-27 17:44:33
4642000|3.13171464|0|2024-04-27 17:44:33
4640000|3.901|0|2024-04-27 17:44:33
4639000|1.68526591|0|2024-04-27 17:44:33
4649000|0.08008469|1|2024-04-27 17:44:39
4650000|13.71343062|1|2024-04-27 17:44:39
4651000|10.94626387|1|2024-04-27 17:44:39
4652000|0.28592412|1|2024-04-27 17:44:39
4653000|3.95453239|1|2024-04-27 17:44:39
4645000|2.5484|0|2024-04-27 17:44:39
4644000|10.15639623|0|2024-04-27 17:44:39
4643000|0.86210979|0|2024-04-27 17:44:39
4642000|3.20571464|0|2024-04-27 17:44:39
4640000|3.901|0|2024-04-27 17:44:39
4651000|2.10514533|1|2024-04-27 17:44:45
4652000|0.3985342|1|2024-04-27 17:44:45
4653000|1.28040531|1|2024-04-27 17:44:45
4654000|6.01013629|1|2024-04-27 17:44:45
4655000|5.80172273|1|2024-04-27 17:44:45
4650000|13.0714098|0|2024-04-27 17:44:45
4649000|0.97708496|0|2024-04-27 17:44:45
4647000|1.294|0|2024-04-27 17:44:45
4645000|1.324|0|2024-04-27 17:44:45
4644000|8.93852169|0|2024-04-27 17:44:45
4652000|0.2630822|1|2024-04-27 17:44:51
4653000|1.13966257|1|2024-04-27 17:44:51
4654000|6.01013629|1|2024-04-27 17:44:51
4655000|8.46222147|1|2024-04-27 17:44:51
4656000|0.34994127|1|2024-04-27 17:44:51
4650000|13.01216461|0|2024-04-27 17:44:51
4649000|2.05258506|0|2024-04-27 17:44:51
4647000|1.294|0|2024-04-27 17:44:51
4645000|1.324|0|2024-04-27 17:44:51
4644000|7.5559421|0|2024-04-27 17:44:51
4654000|6.00814339|1|2024-04-27 17:44:57
4655000|5.04281479|1|2024-04-27 17:44:57
4656000|0.44892659|1|2024-04-27 17:44:57
4657000|1.59888404|1|2024-04-27 17:44:57
4658000|2.12157804|1|2024-04-27 17:44:57
4653000|1.21899705|0|2024-04-27 17:44:57
4652000|3.79593114|0|2024-04-27 17:44:57
4651000|3.69787835|0|2024-04-27 17:44:57
4650000|13.01216461|0|2024-04-27 17:44:57
4649000|3.33258506|0|2024-04-27 17:44:57
4657000|0.40541746|1|2024-04-27 17:45:03
4658000|1.82357804|1|2024-04-27 17:45:03
4659000|6.2446581|1|2024-04-27 17:45:03
4660000|11.2220107|1|2024-04-27 17:45:03
4661000|0.3150763|1|2024-04-27 17:45:03
4656000|0.26052426|0|2024-04-27 17:45:03
4655000|1.16663429|0|2024-04-27 17:45:03
4654000|3.93214855|0|2024-04-27 17:45:03
4653000|2.74715198|0|2024-04-27 17:45:03
4652000|3.79593114|0|2024-04-27 17:45:03
4656000|0.93384665|1|2024-04-27 17:45:09
4657000|0.40075015|1|2024-04-27 17:45:09
4658000|1.9206988|1|2024-04-27 17:45:09
4659000|8.68823115|1|2024-04-27 17:45:09
4660000|11.2220107|1|2024-04-27 17:45:09
4655000|0.38601989|0|2024-04-27 17:45:09
4654000|0.18867194|0|2024-04-27 17:45:09
4653000|4.04515198|0|2024-04-27 17:45:09
4652000|1.3322|0|2024-04-27 17:45:09
4651000|2.37327835|0|2024-04-27 17:45:09
4655000|1.362|1|2024-04-27 17:45:15
4656000|4.90886473|1|2024-04-27 17:45:15
4658000|5.15663367|1|2024-04-27 17:45:15
4659000|7.3806581|1|2024-04-27 17:45:15
4660000|11.22437088|1|2024-04-27 17:45:15
4653000|2.2930278|0|2024-04-27 17:45:15
4650000|13.05517535|0|2024-04-27 17:45:15
4647000|1.228|0|2024-04-27 17:45:15
4645000|2.697|0|2024-04-27 17:45:15
4644000|0.76258474|0|2024-04-27 17:45:15
4654000|4.89812708|1|2024-04-27 17:45:21
4655000|2.17453241|1|2024-04-27 17:45:21
4656000|5.77240957|1|2024-04-27 17:45:21
4657000|0.146|1|2024-04-27 17:45:21
4658000|3.58863367|1|2024-04-27 17:45:21
4646000|0.71029669|0|2024-04-27 17:45:21
4645000|1.38936786|0|2024-04-27 17:45:21
4644000|0.42435824|0|2024-04-27 17:45:21
4643000|1.304|0|2024-04-27 17:45:21
4640000|2.61301442|0|2024-04-27 17:45:21
4645000|0.30276373|1|2024-04-27 17:45:27
4651000|0.11091178|1|2024-04-27 17:45:27
4652000|3.80612708|1|2024-04-27 17:45:27
4653000|1.11053241|1|2024-04-27 17:45:27
4654000|0.5696262|1|2024-04-27 17:45:27
4644000|1.75092721|0|2024-04-27 17:45:27
4643000|1.304|0|2024-04-27 17:45:27
4640000|1.3534|0|2024-04-27 17:45:27
4639000|0.32424494|0|2024-04-27 17:45:27
4638000|4.51264587|0|2024-04-27 17:45:27
4650000|3.89508958|1|2024-04-27 17:45:33
4651000|0.26716326|1|2024-04-27 17:45:33
4652000|2.01853241|1|2024-04-27 17:45:33
4653000|2.56267192|1|2024-04-27 17:45:33
4656000|3.45886473|1|2024-04-27 17:45:33
4644000|3.0|0|2024-04-27 17:45:33
4643000|1.1936881|0|2024-04-27 17:45:33
4641000|1.184|0|2024-04-27 17:45:33
4639000|1.67254494|0|2024-04-27 17:45:33
4638000|3.86595875|0|2024-04-27 17:45:33
4649000|1.15454656|1|2024-04-27 17:45:39
4650000|2.26284206|1|2024-04-27 17:45:39
4651000|0.09756326|1|2024-04-27 17:45:39
4653000|3.78665949|1|2024-04-27 17:45:39
4654000|2.6188493|1|2024-04-27 17:45:39
4645000|3.35188832|0|2024-04-27 17:45:39
4644000|3.07493926|0|2024-04-27 17:45:39
4643000|1.1936881|0|2024-04-27 17:45:39
4642000|1.3483|0|2024-04-27 17:45:39
4641000|1.258|0|2024-04-27 17:45:39
4649000|1.24126852|1|2024-04-27 17:45:45
4650000|7.00612076|1|2024-04-27 17:45:45
4651000|0.19516326|1|2024-04-27 17:45:45
4652000|2.40363323|1|2024-04-27 17:45:45
4653000|0.58891511|1|2024-04-27 17:45:45
4645000|1.4006914|0|2024-04-27 17:45:45
4644000|3.07493926|0|2024-04-27 17:45:45
4643000|1.1936881|0|2024-04-27 17:45:45
4641000|1.258|0|2024-04-27 17:45:45
4640000|1.3429|0|2024-04-27 17:45:45
4648000|1.356|1|2024-04-27 17:45:51
4649000|2.31586855|1|2024-04-27 17:45:51
4650000|7.00612076|1|2024-04-27 17:45:51
4651000|5.57641256|1|2024-04-27 17:45:51
4652000|1.07478393|1|2024-04-27 17:45:51
4645000|1.14658574|0|2024-04-27 17:45:51
4644000|4.57157196|0|2024-04-27 17:45:51
4643000|0.0396881|0|2024-04-27 17:45:51
4641000|1.258|0|2024-04-27 17:45:51
4639000|1.66954494|0|2024-04-27 17:45:51
4645000|1.2356|1|2024-04-27 17:45:57
4646000|1.2418902|1|2024-04-27 17:45:57
4647000|1.5896|1|2024-04-27 17:45:57
4648000|3.43753241|1|2024-04-27 17:45:57
4649000|0.28910003|1|2024-04-27 17:45:57
4643000|0.0396881|0|2024-04-27 17:45:57
4641000|1.0|0|2024-04-27 17:45:57
4639000|0.25424494|0|2024-04-27 17:45:57
4638000|1.3403|0|2024-04-27 17:45:57
4637000|3.861|0|2024-04-27 17:45:57
4648000|1.16|1|2024-04-27 17:46:04
4649000|1.45622532|1|2024-04-27 17:46:04
4650000|6.19358835|1|2024-04-27 17:46:04
4651000|0.98409567|1|2024-04-27 17:46:04
4652000|0.97418441|1|2024-04-27 17:46:04
4641000|2.08847228|0|2024-04-27 17:46:04
4639000|0.50844494|0|2024-04-27 17:46:04
4638000|1.3306|0|2024-04-27 17:46:04
4637000|3.861|0|2024-04-27 17:46:04
4636000|0.078|0|2024-04-27 17:46:04
4649000|0.21510003|1|2024-04-27 17:46:10
4650000|3.89146127|1|2024-04-27 17:46:10
4651000|1.41213318|1|2024-04-27 17:46:10
4652000|2.81508839|1|2024-04-27 17:46:10
4653000|1.74077418|1|2024-04-27 17:46:10
4641000|2.316528|0|2024-04-27 17:46:10
4640000|1.8306|0|2024-04-27 17:46:10
4639000|0.25424494|0|2024-04-27 17:46:10
4637000|3.861|0|2024-04-27 17:46:10
4636000|0.078|0|2024-04-27 17:46:10
4645000|0.03520204|1|2024-04-27 17:46:16
4648000|1.0757315|1|2024-04-27 17:46:16
4649000|1.34|1|2024-04-27 17:46:16
4650000|3.59346127|1|2024-04-27 17:46:16
4651000|0.09756326|1|2024-04-27 17:46:16
4643000|1.194|0|2024-04-27 17:46:16
4642000|2.3223|0|2024-04-27 17:46:16
4641000|3.51071857|0|2024-04-27 17:46:16
4639000|1.48024494|0|2024-04-27 17:46:16
4638000|0.074|0|2024-04-27 17:46:16
4648000|4.96606603|1|2024-04-27 17:46:22
4649000|0.32285837|1|2024-04-27 17:46:22
4650000|2.23146127|1|2024-04-27 17:46:22
4651000|0.63350351|1|2024-04-27 17:46:22
4652000|1.36696131|1|2024-04-27 17:46:22
4644000|1.3179|0|2024-04-27 17:46:22
4643000|1.50732919|0|2024-04-27 17:46:22
4641000|2.12571857|0|2024-04-27 17:46:22
4640000|1.29556198|0|2024-04-27 17:46:22
4639000|1.58024494|0|2024-04-27 17:46:22
4648000|4.78592901|1|2024-04-27 17:46:28
4649000|0.32285837|1|2024-04-27 17:46:28
4650000|2.23146127|1|2024-04-27 17:46:28
4651000|0.19756326|1|2024-04-27 17:46:28
4652000|0.21496131|1|2024-04-27 17:46:28
4647000|1.308|0|2024-04-27 17:46:28
4646000|1.313|0|2024-04-27 17:46:28
4645000|1.3533563|0|2024-04-27 17:46:28
4644000|1.50818496|0|2024-04-27 17:46:28
4643000|0.97852919|0|2024-04-27 17:46:28
4647000|1.00987353|1|2024-04-27 17:46:34
4648000|14.74495374|1|2024-04-27 17:46:34
4649000|0.32285837|1|2024-04-27 17:46:34
4650000|2.23146127|1|2024-04-27 17:46:34
4651000|0.19756326|1|2024-04-27 17:46:34
4643000|4.72362175|0|2024-04-27 17:46:34
4642000|0.21030587|0|2024-04-27 17:46:34
4641000|6.27571857|0|2024-04-27 17:46:34
4640000|1.29556198|0|2024-04-27 17:46:34
4639000|1.58024494|0|2024-04-27 17:46:34
4647000|4.7313234|1|2024-04-27 17:46:40
4648000|14.74495374|1|2024-04-27 17:46:40
4649000|0.32285837|1|2024-04-27 17:46:40
4650000|2.23146127|1|2024-04-27 17:46:40
4651000|0.19756326|1|2024-04-27 17:46:40
4644000|2.9784|0|2024-04-27 17:46:40
4643000|2.625|0|2024-04-27 17:46:40
4642000|1.38830587|0|2024-04-27 17:46:40
4641000|7.51582724|0|2024-04-27 17:46:40
4640000|1.29356198|0|2024-04-27 17:46:40
4647000|4.7313234|1|2024-04-27 17:46:46
4648000|14.74495374|1|2024-04-27 17:46:46
4649000|0.32285837|1|2024-04-27 17:46:46
4650000|2.23146127|1|2024-04-27 17:46:46
4651000|0.44146176|1|2024-04-27 17:46:46
4645000|0.80969526|0|2024-04-27 17:46:46
4643000|2.26014463|0|2024-04-27 17:46:46
4642000|1.38830587|0|2024-04-27 17:46:46
4641000|6.29982724|0|2024-04-27 17:46:46
4640000|1.29356198|0|2024-04-27 17:46:46
4647000|1.28082188|1|2024-04-27 17:46:52
4648000|14.74495374|1|2024-04-27 17:46:52
4649000|0.32285837|1|2024-04-27 17:46:52
4650000|2.23146127|1|2024-04-27 17:46:52
4651000|0.44146176|1|2024-04-27 17:46:52
4643000|3.20035675|0|2024-04-27 17:46:52
4642000|1.94470587|0|2024-04-27 17:46:52
4641000|5.05971857|0|2024-04-27 17:46:52
4640000|1.29356198|0|2024-04-27 17:46:52
4639000|1.64478882|0|2024-04-27 17:46:52
4647000|4.40810508|1|2024-04-27 17:46:58
4648000|14.74495374|1|2024-04-27 17:46:58
4649000|0.32285837|1|2024-04-27 17:46:58
4650000|2.36219888|1|2024-04-27 17:46:58
4651000|0.19756326|1|2024-04-27 17:46:58
4644000|1.23955963|0|2024-04-27 17:46:58
4643000|1.96059266|0|2024-04-27 17:46:58
4642000|1.178|0|2024-04-27 17:46:58
4641000|5.05971857|0|2024-04-27 17:46:58
4640000|1.29356198|0|2024-04-27 17:46:58
4647000|2.97097056|1|2024-04-27 17:47:04
4648000|14.74495374|1|2024-04-27 17:47:04
4649000|0.32285837|1|2024-04-27 17:47:04
4650000|2.36219888|1|2024-04-27 17:47:04
4651000|0.19756326|1|2024-04-27 17:47:04
4644000|2.5864|0|2024-04-27 17:47:04
4643000|2.53119868|0|2024-04-27 17:47:04
4642000|1.178|0|2024-04-27 17:47:04
4641000|5.05971857|0|2024-04-27 17:47:04
4640000|1.29356198|0|2024-04-27 17:47:04
4648000|14.72626042|1|2024-04-27 17:47:10
4649000|0.32285837|1|2024-04-27 17:47:10
4650000|2.36219888|1|2024-04-27 17:47:10
4651000|0.19756326|1|2024-04-27 17:47:10
4652000|0.29096131|1|2024-04-27 17:47:10
4647000|0.53763556|0|2024-04-27 17:47:10
4645000|2.4765|0|2024-04-27 17:47:10
4644000|6.3449|0|2024-04-27 17:47:10
4643000|1.88539868|0|2024-04-27 17:47:10
4642000|1.178|0|2024-04-27 17:47:10
4649000|0.32285837|1|2024-04-27 17:47:17
4650000|2.36219888|1|2024-04-27 17:47:17
4651000|0.19756326|1|2024-04-27 17:47:17
4652000|4.15039947|1|2024-04-27 17:47:17
4653000|2.63365281|1|2024-04-27 17:47:17
4648000|0.4987016|0|2024-04-27 17:47:17
4647000|4.99752719|0|2024-04-27 17:47:17
4645000|2.4827|0|2024-04-27 17:47:17
4644000|5.428|0|2024-04-27 17:47:17
4643000|1.88539868|0|2024-04-27 17:47:17
4649000|0.32285837|1|2024-04-27 17:47:23
4650000|2.36219888|1|2024-04-27 17:47:23
4651000|0.19756326|1|2024-04-27 17:47:23
4652000|0.21627239|1|2024-04-27 17:47:23
4653000|0.85224177|1|2024-04-27 17:47:23
4648000|1.18690034|0|2024-04-27 17:47:23
4647000|4.99752719|0|2024-04-27 17:47:23
4646000|1.244|0|2024-04-27 17:47:23
4645000|2.5557158|0|2024-04-27 17:47:23
4644000|5.428|0|2024-04-27 17:47:23
4653000|0.72338382|1|2024-04-27 17:47:29
4654000|0.10743446|1|2024-04-27 17:47:29
4655000|0.21697101|1|2024-04-27 17:47:29
4656000|2.62375252|1|2024-04-27 17:47:29
4657000|0.86697855|1|2024-04-27 17:47:29
4649000|1.33989127|0|2024-04-27 17:47:29
4648000|3.28400034|0|2024-04-27 17:47:29
4647000|3.82035985|0|2024-04-27 17:47:29
4646000|1.244|0|2024-04-27 17:47:29
4645000|1.3390158|0|2024-04-27 17:47:29
4655000|0.21697101|1|2024-04-27 17:47:35
4656000|0.02362544|1|2024-04-27 17:47:35
4657000|0.50347855|1|2024-04-27 17:47:35
4658000|6.10907395|1|2024-04-27 17:47:35
4659000|6.5426581|1|2024-04-27 17:47:35
4654000|0.55853895|0|2024-04-27 17:47:35
4653000|7.85159668|0|2024-04-27 17:47:35
4651000|1.3073|0|2024-04-27 17:47:35
4650000|0.76097624|0|2024-04-27 17:47:35
4649000|4.65921029|0|2024-04-27 17:47:35
4657000|0.88739535|1|2024-04-27 17:47:41
4658000|6.09399736|1|2024-04-27 17:47:41
4659000|6.5426581|1|2024-04-27 17:47:41
4660000|12.59038184|1|2024-04-27 17:47:41
4661000|0.39392767|1|2024-04-27 17:47:41
4655000|3.37330507|0|2024-04-27 17:47:41
4654000|0.84740971|0|2024-04-27 17:47:41
4653000|0.02986557|0|2024-04-27 17:47:41
4650000|1.3668|0|2024-04-27 17:47:41
4649000|4.65921029|0|2024-04-27 17:47:41
4658000|1.39152336|1|2024-04-27 17:47:47
4659000|9.14278518|1|2024-04-27 17:47:47
4660000|11.78233433|1|2024-04-27 17:47:47
4661000|0.31792767|1|2024-04-27 17:47:47
4662000|6.53357467|1|2024-04-27 17:47:47
4657000|1.10441546|0|2024-04-27 17:47:47
4656000|3.54047439|0|2024-04-27 17:47:47
4655000|2.55487724|0|2024-04-27 17:47:47
4654000|1.51618383|0|2024-04-27 17:47:47
4650000|1.392|0|2024-04-27 17:47:47
4658000|0.01085593|1|2024-04-27 17:47:53
4659000|6.5436581|1|2024-04-27 17:47:53
4660000|12.47485578|1|2024-04-27 17:47:53
4661000|2.91805475|1|2024-04-27 17:47:53
4662000|1.57104226|1|2024-04-27 17:47:53
4657000|2.29388678|0|2024-04-27 17:47:53
4655000|1.25185497|0|2024-04-27 17:47:53
4654000|1.51618383|0|2024-04-27 17:47:53
4653000|1.2787|0|2024-04-27 17:47:53
4652000|1.154|0|2024-04-27 17:47:53
4658000|1.22033366|1|2024-04-27 17:47:59
4659000|6.5436581|1|2024-04-27 17:47:59
4660000|12.47037088|1|2024-04-27 17:47:59
4661000|4.4464172|1|2024-04-27 17:47:59
4662000|1.57104226|1|2024-04-27 17:47:59
4654000|1.30280656|0|2024-04-27 17:47:59
4652000|1.154|0|2024-04-27 17:47:59
4651000|1.2504|0|2024-04-27 17:47:59
4650000|1.392|0|2024-04-27 17:47:59
4649000|1.23786804|0|2024-04-27 17:47:59
4658000|0.12132728|1|2024-04-27 17:48:05
4659000|6.2446581|1|2024-04-27 17:48:05
4660000|12.68496316|1|2024-04-27 17:48:05
4661000|3.20860099|1|2024-04-27 17:48:05
4662000|2.80857742|1|2024-04-27 17:48:05
4654000|0.71477005|0|2024-04-27 17:48:05
4653000|1.36411604|0|2024-04-27 17:48:05
4652000|1.154|0|2024-04-27 17:48:05
4650000|1.392|0|2024-04-27 17:48:05
4649000|1.23786804|0|2024-04-27 17:48:05
4658000|0.11843278|1|2024-04-27 17:48:11
4659000|6.2446581|1|2024-04-27 17:48:11
4660000|11.48896316|1|2024-04-27 17:48:11
4661000|0.83147391|1|2024-04-27 17:48:11
4662000|2.79704226|1|2024-04-27 17:48:11
4655000|1.204|0|2024-04-27 17:48:11
4654000|13.01008538|0|2024-04-27 17:48:11
4653000|0.11371604|0|2024-04-27 17:48:11
4652000|0.03007975|0|2024-04-27 17:48:11
4650000|1.392|0|2024-04-27 17:48:11
4658000|0.04769488|1|2024-04-27 17:48:17
4659000|6.2446581|1|2024-04-27 17:48:17
4660000|12.65896316|1|2024-04-27 17:48:17
4661000|0.53247391|1|2024-04-27 17:48:17
4662000|2.79704226|1|2024-04-27 17:48:17
4656000|3.54047439|0|2024-04-27 17:48:17
4654000|13.01008538|0|2024-04-27 17:48:17
4653000|0.1|0|2024-04-27 17:48:17
4652000|0.10407975|0|2024-04-27 17:48:17
4651000|4.15|0|2024-04-27 17:48:17
4659000|6.23862698|1|2024-04-27 17:48:23
4660000|12.95796316|1|2024-04-27 17:48:23
4661000|0.53247391|1|2024-04-27 17:48:23
4662000|2.79704226|1|2024-04-27 17:48:23
4663000|4.06556873|1|2024-04-27 17:48:23
4656000|2.933578|0|2024-04-27 17:48:23
4654000|13.01008538|0|2024-04-27 17:48:23
4653000|0.1|0|2024-04-27 17:48:23
4652000|0.10407975|0|2024-04-27 17:48:23
4651000|4.15|0|2024-04-27 17:48:23
4658000|1.214|1|2024-04-27 17:48:29
4659000|6.23862698|1|2024-04-27 17:48:29
4660000|12.95796316|1|2024-04-27 17:48:29
4661000|1.34500632|1|2024-04-27 17:48:29
4662000|2.79704226|1|2024-04-27 17:48:29
4656000|2.74391287|0|2024-04-27 17:48:29
4654000|11.52571617|0|2024-04-27 17:48:29
4653000|0.1|0|2024-04-27 17:48:29
4652000|0.03007975|0|2024-04-27 17:48:29
4651000|4.15|0|2024-04-27 17:48:29
4653000|0.21491511|1|2024-04-27 17:48:35
4654000|1.42680625|1|2024-04-27 17:48:35
4655000|2.60012708|1|2024-04-27 17:48:35
4656000|1.77999241|1|2024-04-27 17:48:35
4657000|1.294|1|2024-04-27 17:48:35
4648000|0.6356|0|2024-04-27 17:48:35
4646000|1.326|0|2024-04-27 17:48:35
4645000|1.412|0|2024-04-27 17:48:35
4644000|1.588|0|2024-04-27 17:48:35
4642000|3.36044485|0|2024-04-27 17:48:35
4652000|0.00214962|1|2024-04-27 17:48:41
4653000|0.21062171|1|2024-04-27 17:48:41
4654000|0.00140625|1|2024-04-27 17:48:41
4656000|0.9646|1|2024-04-27 17:48:41
4657000|3.96812708|1|2024-04-27 17:48:41
4649000|1.278|0|2024-04-27 17:48:41
4648000|1.73582678|0|2024-04-27 17:48:41
4647000|1.3073|0|2024-04-27 17:48:41
4646000|5.476|0|2024-04-27 17:48:41
4645000|0.1|0|2024-04-27 17:48:41
4658000|0.01943855|1|2024-04-27 17:48:48
4659000|7.54990622|1|2024-04-27 17:48:48
4660000|12.72696316|1|2024-04-27 17:48:48
4661000|3.20660099|1|2024-04-27 17:48:48
4662000|2.79704226|1|2024-04-27 17:48:48
4653000|1.55973693|0|2024-04-27 17:48:48
4652000|5.8818|0|2024-04-27 17:48:48
4651000|1.224|0|2024-04-27 17:48:48
4650000|0.73344575|0|2024-04-27 17:48:48
4649000|5.428|0|2024-04-27 17:48:48
4658000|0.53816144|1|2024-04-27 17:48:54
4659000|7.54990622|1|2024-04-27 17:48:54
4660000|11.78796316|1|2024-04-27 17:48:54
4661000|3.13260099|1|2024-04-27 17:48:54
4662000|4.03448245|1|2024-04-27 17:48:54
4653000|1.368|0|2024-04-27 17:48:54
4652000|5.8818|0|2024-04-27 17:48:54
4651000|1.224|0|2024-04-27 17:48:54
4650000|4.4502715|0|2024-04-27 17:48:54
4649000|5.428|0|2024-04-27 17:48:54
4659000|4.19984278|1|2024-04-27 17:49:00
4660000|11.95548639|1|2024-04-27 17:49:00
4661000|0.53247391|1|2024-04-27 17:49:00
4662000|2.79704226|1|2024-04-27 17:49:00
4663000|5.23074068|1|2024-04-27 17:49:00
4657000|2.7834008|0|2024-04-27 17:49:00
4655000|1.356|0|2024-04-27 17:49:00
4654000|1.3034|0|2024-04-27 17:49:00
4653000|1.368|0|2024-04-27 17:49:00
4652000|3.301|0|2024-04-27 17:49:00
4659000|3.45694348|1|2024-04-27 17:49:06
4660000|11.95548639|1|2024-04-27 17:49:06
4661000|0.83147391|1|2024-04-27 17:49:06
4662000|2.79704226|1|2024-04-27 17:49:06
4663000|3.99356873|1|2024-04-27 17:49:06
4657000|1.82658308|0|2024-04-27 17:49:06
4655000|1.356|0|2024-04-27 17:49:06
4654000|1.3034|0|2024-04-27 17:49:06
4653000|1.368|0|2024-04-27 17:49:06
4652000|6.851|0|2024-04-27 17:49:06
4659000|3.46926129|1|2024-04-27 17:49:12
4660000|11.95548639|1|2024-04-27 17:49:12
4661000|0.53247391|1|2024-04-27 17:49:12
4662000|2.79704226|1|2024-04-27 17:49:12
4663000|3.99356873|1|2024-04-27 17:49:12
4657000|1.82658308|0|2024-04-27 17:49:12
4655000|2.6498|0|2024-04-27 17:49:12
4654000|1.07434464|0|2024-04-27 17:49:12
4653000|2.60478371|0|2024-04-27 17:49:12
4652000|6.851|0|2024-04-27 17:49:12
4659000|0.84887113|1|2024-04-27 17:49:18
4660000|11.48896316|1|2024-04-27 17:49:18
4661000|0.53247391|1|2024-04-27 17:49:18
4662000|2.79704226|1|2024-04-27 17:49:18
4663000|4.29156873|1|2024-04-27 17:49:18
4657000|1.73999993|0|2024-04-27 17:49:18
4655000|1.356|0|2024-04-27 17:49:18
4654000|2.37204464|0|2024-04-27 17:49:18
4653000|2.60505481|0|2024-04-27 17:49:18
4652000|6.851|0|2024-04-27 17:49:18
4659000|0.91329946|1|2024-04-27 17:49:24
4660000|11.95548639|1|2024-04-27 17:49:24
4661000|0.53247391|1|2024-04-27 17:49:24
4662000|2.79704226|1|2024-04-27 17:49:24
4663000|4.29156873|1|2024-04-27 17:49:24
4657000|1.75573093|0|2024-04-27 17:49:24
4655000|1.356|0|2024-04-27 17:49:24
4654000|2.37204464|0|2024-04-27 17:49:24
4653000|2.60498024|0|2024-04-27 17:49:24
4652000|6.851|0|2024-04-27 17:49:24
4660000|11.48896316|1|2024-04-27 17:49:30
4661000|0.53247391|1|2024-04-27 17:49:30
4662000|1.57104226|1|2024-04-27 17:49:30
4663000|1.69244165|1|2024-04-27 17:49:30
4664000|0.80362369|1|2024-04-27 17:49:30
4657000|2.52741093|0|2024-04-27 17:49:30
4655000|2.6246|0|2024-04-27 17:49:30
4654000|1.07434464|0|2024-04-27 17:49:30
4653000|2.60498024|0|2024-04-27 17:49:30
4652000|6.851|0|2024-04-27 17:49:30
4660000|10.88731814|1|2024-04-27 17:49:36
4661000|3.5904583|1|2024-04-27 17:49:36
4662000|1.78554248|1|2024-04-27 17:49:36
4663000|1.76444165|1|2024-04-27 17:49:36
4664000|4.09105125|1|2024-04-27 17:49:36
4658000|0.08699837|0|2024-04-27 17:49:36
4654000|1.07434464|0|2024-04-27 17:49:36
4653000|2.65074915|0|2024-04-27 17:49:36
4652000|8.08811997|0|2024-04-27 17:49:36
4650000|0.12986969|0|2024-04-27 17:49:36
4659000|3.45235362|1|2024-04-27 17:49:42
4660000|11.13366253|1|2024-04-27 17:49:42
4661000|2.50700632|1|2024-04-27 17:49:42
4662000|2.54476558|1|2024-04-27 17:49:42
4663000|2.89489047|1|2024-04-27 17:49:42
4655000|0.73265794|0|2024-04-27 17:49:42
4654000|1.07434464|0|2024-04-27 17:49:42
4653000|0.00451322|0|2024-04-27 17:49:42
4651000|1.156|0|2024-04-27 17:49:42
4650000|1.42406969|0|2024-04-27 17:49:42
4657000|1.40182119|1|2024-04-27 17:49:48
4658000|0.21468442|1|2024-04-27 17:49:48
4659000|1.52033834|1|2024-04-27 17:49:48
4660000|18.31477111|1|2024-04-27 17:49:48
4661000|2.50700632|1|2024-04-27 17:49:48
4655000|0.01305563|0|2024-04-27 17:49:48
4654000|1.07434464|0|2024-04-27 17:49:48
4653000|1.17251322|0|2024-04-27 17:49:48
4651000|2.4511|0|2024-04-27 17:49:48
4650000|0.12986969|0|2024-04-27 17:49:48
4657000|1.55873052|1|2024-04-27 17:49:54
4658000|0.21468442|1|2024-04-27 17:49:54
4659000|4.93179783|1|2024-04-27 17:49:54
4660000|18.28394116|1|2024-04-27 17:49:54
4661000|9.27965905|1|2024-04-27 17:49:54
4655000|0.02232889|0|2024-04-27 17:49:54
4651000|1.3404886|0|2024-04-27 17:49:54
4650000|1.34536969|0|2024-04-27 17:49:54
4649000|1.156|0|2024-04-27 17:49:54
4648000|1.71240854|0|2024-04-27 17:49:54
4655000|1.00013382|1|2024-04-27 17:50:00
4657000|0.21473052|1|2024-04-27 17:50:00
4658000|0.51368442|1|2024-04-27 17:50:00
4659000|0.34583834|1|2024-04-27 17:50:00
4660000|20.87656117|1|2024-04-27 17:50:00
4651000|1.12785148|0|2024-04-27 17:50:00
4650000|1.34106969|0|2024-04-27 17:50:00
4649000|1.156|0|2024-04-27 17:50:00
4648000|5.86240854|0|2024-04-27 17:50:00
4647000|2.625|0|2024-04-27 17:50:00
4655000|0.27544579|1|2024-04-27 17:50:07
4657000|0.21473052|1|2024-04-27 17:50:07
4658000|0.21468442|1|2024-04-27 17:50:07
4659000|0.84919755|1|2024-04-27 17:50:07
4660000|18.27643409|1|2024-04-27 17:50:07
4653000|1.168|0|2024-04-27 17:50:07
4652000|2.44802584|0|2024-04-27 17:50:07
4651000|2.76449658|0|2024-04-27 17:50:07
4650000|0.05786969|0|2024-04-27 17:50:07
4649000|1.156|0|2024-04-27 17:50:07
4658000|0.19751602|1|2024-04-27 17:50:13
4659000|0.55019755|1|2024-04-27 17:50:13
4660000|18.27643409|1|2024-04-27 17:50:13
4661000|0.53247391|1|2024-04-27 17:50:13
4662000|3.13954248|1|2024-04-27 17:50:13
4657000|0.20699417|0|2024-04-27 17:50:13
4655000|0.02147991|0|2024-04-27 17:50:13
4654000|2.4701|0|2024-04-27 17:50:13
4653000|0.2149151|0|2024-04-27 17:50:13
4652000|1.16432584|0|2024-04-27 17:50:13
4658000|0.19131562|1|2024-04-27 17:50:19
4659000|0.55019755|1|2024-04-27 17:50:19
4660000|18.57543409|1|2024-04-27 17:50:19
4661000|0.53247391|1|2024-04-27 17:50:19
4662000|3.13954248|1|2024-04-27 17:50:19
4655000|1.22096348|0|2024-04-27 17:50:19
4654000|1.00447991|0|2024-04-27 17:50:19
4653000|1.4950151|0|2024-04-27 17:50:19
4652000|1.16432584|0|2024-04-27 17:50:19
4651000|2.03049658|0|2024-04-27 17:50:19
4660000|2.60241402|1|2024-04-27 17:50:25
4661000|0.53247391|1|2024-04-27 17:50:25
4662000|1.78554248|1|2024-04-27 17:50:25
4663000|1.39344165|1|2024-04-27 17:50:25
4664000|0.80362369|1|2024-04-27 17:50:25
4659000|2.52884631|0|2024-04-27 17:50:25
4658000|3.7439|0|2024-04-27 17:50:25
4657000|2.7350741|0|2024-04-27 17:50:25
4656000|2.625|0|2024-04-27 17:50:25
4655000|1.34496348|0|2024-04-27 17:50:25
4663000|0.16979383|1|2024-04-27 17:50:31
4664000|0.74204995|1|2024-04-27 17:50:31
4665000|2.42046042|1|2024-04-27 17:50:31
4666000|0.70034283|1|2024-04-27 17:50:31
4667000|4.56107407|1|2024-04-27 17:50:31
4662000|1.54531247|0|2024-04-27 17:50:31
4660000|1.2735|0|2024-04-27 17:50:31
4659000|3.02884631|0|2024-04-27 17:50:31
4658000|1.23350279|0|2024-04-27 17:50:31
4657000|2.8110741|0|2024-04-27 17:50:31
4663000|0.16764929|1|2024-04-27 17:50:37
4664000|0.74204995|1|2024-04-27 17:50:37
4665000|2.42046042|1|2024-04-27 17:50:37
4666000|0.48602649|1|2024-04-27 17:50:37
4667000|4.66165787|1|2024-04-27 17:50:37
4662000|1.23437311|0|2024-04-27 17:50:37
4661000|1.2741|0|2024-04-27 17:50:37
4660000|2.61881838|0|2024-04-27 17:50:37
4659000|0.54746769|0|2024-04-27 17:50:37
4658000|1.23350279|0|2024-04-27 17:50:37
4665000|1.5768172|1|2024-04-27 17:50:43
4666000|0.48602649|1|2024-04-27 17:50:43
4667000|3.21965787|1|2024-04-27 17:50:43
4668000|1.17782633|1|2024-04-27 17:50:43
4669000|0.90989365|1|2024-04-27 17:50:43
4664000|1.58768036|0|2024-04-27 17:50:43
4663000|0.42895442|0|2024-04-27 17:50:43
4662000|5.00537311|0|2024-04-27 17:50:43
4661000|1.3146|0|2024-04-27 17:50:43
4660000|1.65171838|0|2024-04-27 17:50:43
4665000|2.60909273|1|2024-04-27 17:50:49
4666000|0.48602649|1|2024-04-27 17:50:49
4667000|4.95862828|1|2024-04-27 17:50:49
4668000|1.17782633|1|2024-04-27 17:50:49
4669000|2.29589365|1|2024-04-27 17:50:49
4663000|0.41023333|0|2024-04-27 17:50:49
4661000|1.23478456|0|2024-04-27 17:50:49
4660000|0.28371838|0|2024-04-27 17:50:49
4659000|0.21898707|0|2024-04-27 17:50:49
4658000|2.48810279|0|2024-04-27 17:50:49
4665000|1.22376046|1|2024-04-27 17:50:55
4666000|0.48602649|1|2024-04-27 17:50:55
4667000|4.59992828|1|2024-04-27 17:50:55
4668000|1.17782633|1|2024-04-27 17:50:55
4669000|2.57569365|1|2024-04-27 17:50:55
4662000|0.42430081|0|2024-04-27 17:50:55
4661000|1.23478456|0|2024-04-27 17:50:55
4660000|3.89858372|0|2024-04-27 17:50:55
4659000|1.2498|0|2024-04-27 17:50:55
4658000|1.22350279|0|2024-04-27 17:50:55
4665000|1.04696882|1|2024-04-27 17:51:01
4666000|0.48602649|1|2024-04-27 17:51:01
4667000|4.59992828|1|2024-04-27 17:51:01
4668000|1.17782633|1|2024-04-27 17:51:01
4669000|2.56999365|1|2024-04-27 17:51:01
4663000|2.14454214|0|2024-04-27 17:51:01
4662000|0.38581132|0|2024-04-27 17:51:01
4661000|1.23478456|0|2024-04-27 17:51:01
4660000|3.74858372|0|2024-04-27 17:51:01
4659000|1.2427|0|2024-04-27 17:51:01
4663000|1.23868521|1|2024-04-27 17:51:07
4665000|1.04696882|1|2024-04-27 17:51:07
4666000|0.48602649|1|2024-04-27 17:51:07
4667000|4.95332828|1|2024-04-27 17:51:07
4668000|1.17782633|1|2024-04-27 17:51:07
4662000|0.43246|0|2024-04-27 17:51:07
4661000|1.23478456|0|2024-04-27 17:51:07
4660000|3.74858372|0|2024-04-27 17:51:07
4659000|1.2551|0|2024-04-27 17:51:07
4658000|1.22350279|0|2024-04-27 17:51:07
4663000|0.76732989|1|2024-04-27 17:51:13
4665000|1.78939006|1|2024-04-27 17:51:13
4666000|0.48602649|1|2024-04-27 17:51:13
4667000|4.95182828|1|2024-04-27 17:51:13
4668000|1.17782633|1|2024-04-27 17:51:13
4662000|0.43246|0|2024-04-27 17:51:13
4660000|2.56458372|0|2024-04-27 17:51:13
4659000|5.38511428|0|2024-04-27 17:51:13
4658000|2.47770279|0|2024-04-27 17:51:13
4657000|2.43803563|0|2024-04-27 17:51:13
4663000|3.6e-05|1|2024-04-27 17:51:19
4665000|0.10932477|1|2024-04-27 17:51:19
4666000|0.50745813|1|2024-04-27 17:51:19
4667000|3.43392828|1|2024-04-27 17:51:19
4668000|1.17782633|1|2024-04-27 17:51:19
4662000|3.4112429|0|2024-04-27 17:51:19
4661000|1.2505|0|2024-04-27 17:51:19
4660000|3.74858372|0|2024-04-27 17:51:19
4659000|1.23511428|0|2024-04-27 17:51:19
4658000|1.22350279|0|2024-04-27 17:51:19
4665000|0.06452239|1|2024-04-27 17:51:25
4666000|0.50745813|1|2024-04-27 17:51:25
4667000|3.43737785|1|2024-04-27 17:51:25
4668000|1.17782633|1|2024-04-27 17:51:25
4669000|0.90989365|1|2024-04-27 17:51:25
4663000|9.67755365|0|2024-04-27 17:51:25
4662000|12.97315354|0|2024-04-27 17:51:25
4660000|3.74858372|0|2024-04-27 17:51:25
4659000|1.30911428|0|2024-04-27 17:51:25
4658000|1.22350279|0|2024-04-27 17:51:25
4665000|0.02173639|1|2024-04-27 17:51:31
4666000|0.50745813|1|2024-04-27 17:51:31
4667000|3.43737785|1|2024-04-27 17:51:31
4668000|1.17782633|1|2024-04-27 17:51:31
4669000|0.90989365|1|2024-04-27 17:51:31
4664000|5.5542026|0|2024-04-27 17:51:31
4663000|9.67755365|0|2024-04-27 17:51:31
4662000|2.55315354|0|2024-04-27 17:51:31
4660000|3.74858372|0|2024-04-27 17:51:31
4659000|1.30911428|0|2024-04-27 17:51:31
4665000|0.02173639|1|2024-04-27 17:51:37
4666000|0.50745813|1|2024-04-27 17:51:37
4667000|3.43737785|1|2024-04-27 17:51:37
4668000|1.17782633|1|2024-04-27 17:51:37
4669000|0.90989365|1|2024-04-27 17:51:37
4664000|6.6239507|0|2024-04-27 17:51:37
4663000|2.34118509|0|2024-04-27 17:51:37
4662000|6.70315354|0|2024-04-27 17:51:37
4660000|3.74858372|0|2024-04-27 17:51:37
4659000|0.074|0|2024-04-27 17:51:37
4674000|1.234|1|2024-04-27 17:51:44
4675000|1.7161|1|2024-04-27 17:51:44
4676000|1.83924285|1|2024-04-27 17:51:44
4677000|4.62839233|1|2024-04-27 17:51:44
4678000|2.60381673|1|2024-04-27 17:51:44
4667000|1.11956689|0|2024-04-27 17:51:44
4666000|2.5596|0|2024-04-27 17:51:44
4665000|0.15744474|0|2024-04-27 17:51:44
4664000|6.24976755|0|2024-04-27 17:51:44
4663000|4.46463371|0|2024-04-27 17:51:44
4674000|1.21474456|1|2024-04-27 17:51:50
4675000|1.4708|1|2024-04-27 17:51:50
4676000|2.28564285|1|2024-04-27 17:51:50
4677000|3.28239233|1|2024-04-27 17:51:50
4678000|2.60381673|1|2024-04-27 17:51:50
4668000|1.19394399|0|2024-04-27 17:51:50
4666000|2.5148|0|2024-04-27 17:51:50
4665000|0.15744474|0|2024-04-27 17:51:50
4664000|6.50704332|0|2024-04-27 17:51:50
4663000|1.78963371|0|2024-04-27 17:51:50
4675000|0.88509229|1|2024-04-27 17:51:56
4677000|3.28239233|1|2024-04-27 17:51:56
4678000|2.53181673|1|2024-04-27 17:51:56
4679000|6.34263404|1|2024-04-27 17:51:56
4680000|11.63607659|1|2024-04-27 17:51:56
4673000|1.326|0|2024-04-27 17:51:56
4672000|2.4968|0|2024-04-27 17:51:56
4671000|1.01391|0|2024-04-27 17:51:56
4670000|3.861|0|2024-04-27 17:51:56
4669000|1.31|0|2024-04-27 17:51:56
4675000|0.23540455|1|2024-04-27 17:52:02
4677000|3.28239233|1|2024-04-27 17:52:02
4678000|2.90441673|1|2024-04-27 17:52:02
4679000|6.34263404|1|2024-04-27 17:52:02
4680000|11.63607659|1|2024-04-27 17:52:02
4674000|2.54602055|0|2024-04-27 17:52:02
4673000|1.168|0|2024-04-27 17:52:02
4672000|6.24784715|0|2024-04-27 17:52:02
4671000|1.23169049|0|2024-04-27 17:52:02
4670000|1.236|0|2024-04-27 17:52:02
4675000|0.23326552|1|2024-04-27 17:52:08
4677000|3.64979233|1|2024-04-27 17:52:08
4678000|2.53181673|1|2024-04-27 17:52:08
4679000|7.54063404|1|2024-04-27 17:52:08
4680000|11.63607659|1|2024-04-27 17:52:08
4672000|6.24784715|0|2024-04-27 17:52:08
4669000|7.38760761|0|2024-04-27 17:52:08
4667000|2.701|0|2024-04-27 17:52:08
4665000|0.17744474|0|2024-04-27 17:52:08
4664000|8.87528089|0|2024-04-27 17:52:08
4677000|3.79168393|1|2024-04-27 17:52:14
4678000|2.90071673|1|2024-04-27 17:52:14
4679000|7.93963404|1|2024-04-27 17:52:14
4680000|12.448609|1|2024-04-27 17:52:14
4681000|2.41809208|1|2024-04-27 17:52:14
4675000|0.06442276|0|2024-04-27 17:52:14
4673000|0.7356033|0|2024-04-27 17:52:14
4672000|4.9989|0|2024-04-27 17:52:14
4671000|1.16|0|2024-04-27 17:52:14
4669000|2.76177862|0|2024-04-27 17:52:14
4673000|12.26610804|1|2024-04-27 17:52:20
4677000|5.88678393|1|2024-04-27 17:52:20
4678000|3.34434914|1|2024-04-27 17:52:20
4679000|9.70467598|1|2024-04-27 17:52:20
4680000|13.06552541|1|2024-04-27 17:52:20
4672000|5.00163907|0|2024-04-27 17:52:20
4669000|1.45217862|0|2024-04-27 17:52:20
4667000|2.54373001|0|2024-04-27 17:52:20
4666000|4.15|0|2024-04-27 17:52:20
4665000|0.15744474|0|2024-04-27 17:52:20
4673000|10.47220667|1|2024-04-27 17:52:26
4675000|0.02513369|1|2024-04-27 17:52:26
4677000|4.11206516|1|2024-04-27 17:52:26
4678000|2.53181673|1|2024-04-27 17:52:26
4679000|7.71263404|1|2024-04-27 17:52:26
4672000|4.83285052|0|2024-04-27 17:52:26
4671000|1.368|0|2024-04-27 17:52:26
4669000|1.45217862|0|2024-04-27 17:52:26
4667000|2.53953001|0|2024-04-27 17:52:26
4666000|4.15|0|2024-04-27 17:52:26
4673000|10.21373691|1|2024-04-27 17:52:32
4675000|1.09780518|1|2024-04-27 17:52:32
4677000|3.81306516|1|2024-04-27 17:52:32
4678000|2.53181673|1|2024-04-27 17:52:32
4679000|8.52516645|1|2024-04-27 17:52:32
4672000|5.65708848|0|2024-04-27 17:52:32
4671000|1.368|0|2024-04-27 17:52:32
4669000|1.45217862|0|2024-04-27 17:52:32
4668000|1.2244|0|2024-04-27 17:52:32
4667000|1.30883001|0|2024-04-27 17:52:32
4673000|8.42232001|1|2024-04-27 17:52:38
4675000|1.09780518|1|2024-04-27 17:52:38
4677000|3.81306516|1|2024-04-27 17:52:38
4678000|2.53181673|1|2024-04-27 17:52:38
4679000|6.71363404|1|2024-04-27 17:52:38
4672000|6.28840783|0|2024-04-27 17:52:38
4671000|1.368|0|2024-04-27 17:52:38
4669000|1.45217862|0|2024-04-27 17:52:38
4668000|1.2272|0|2024-04-27 17:52:38
4667000|1.30883001|0|2024-04-27 17:52:38
4673000|8.32196|1|2024-04-27 17:52:44
4675000|1.09780518|1|2024-04-27 17:52:44
4676000|0.3657|1|2024-04-27 17:52:44
4677000|3.81306516|1|2024-04-27 17:52:44
4678000|2.53181673|1|2024-04-27 17:52:44
4672000|6.28840783|0|2024-04-27 17:52:44
4671000|1.368|0|2024-04-27 17:52:44
4670000|0.21413276|0|2024-04-27 17:52:44
4669000|1.45217862|0|2024-04-27 17:52:44
4668000|1.2272|0|2024-04-27 17:52:44
4673000|8.48395829|1|2024-04-27 17:52:50
4675000|1.09780518|1|2024-04-27 17:52:50
4676000|0.3657|1|2024-04-27 17:52:50
4677000|3.81306516|1|2024-04-27 17:52:50
4678000|3.34434914|1|2024-04-27 17:52:50
4672000|4.53528571|0|2024-04-27 17:52:50
4671000|1.368|0|2024-04-27 17:52:50
4670000|0.21413276|0|2024-04-27 17:52:50
4669000|1.238|0|2024-04-27 17:52:50
4668000|1.2341|0|2024-04-27 17:52:50
4673000|6.98911045|1|2024-04-27 17:52:56
4675000|1.09780518|1|2024-04-27 17:52:56
4677000|6.46395172|1|2024-04-27 17:52:56
4678000|2.53181673|1|2024-04-27 17:52:56
4679000|8.20897047|1|2024-04-27 17:52:56
4672000|3.40328571|0|2024-04-27 17:52:56
4670000|0.21413276|0|2024-04-27 17:52:56
4668000|1.2406|0|2024-04-27 17:52:56
4667000|1.30883001|0|2024-04-27 17:52:56
4666000|4.22100106|0|2024-04-27 17:52:56
4673000|1.05159208|1|2024-04-27 17:53:02
4675000|1.21977103|1|2024-04-27 17:53:02
4677000|6.46395172|1|2024-04-27 17:53:02
4678000|2.53181673|1|2024-04-27 17:53:02
4679000|6.41463404|1|2024-04-27 17:53:02
4672000|5.07214259|0|2024-04-27 17:53:02
4671000|0.9456|0|2024-04-27 17:53:02
4670000|4.36948607|0|2024-04-27 17:53:02
4667000|1.30883001|0|2024-04-27 17:53:02
4666000|0.07100106|0|2024-04-27 17:53:02
4675000|1.09780518|1|2024-04-27 17:53:08
4677000|6.46395172|1|2024-04-27 17:53:08
4678000|2.53181673|1|2024-04-27 17:53:08
4679000|6.91481929|1|2024-04-27 17:53:08
4680000|8.99519003|1|2024-04-27 17:53:08
4673000|0.51762207|0|2024-04-27 17:53:08
4672000|3.75117095|0|2024-04-27 17:53:08
4670000|4.36948607|0|2024-04-27 17:53:08
4669000|1.2588|0|2024-04-27 17:53:08
4668000|1.71379605|0|2024-04-27 17:53:08
4675000|12.8196051|1|2024-04-27 17:53:15
4677000|6.40876935|1|2024-04-27 17:53:15
4678000|2.53181673|1|2024-04-27 17:53:15
4679000|6.34263404|1|2024-04-27 17:53:15
4680000|10.46619136|1|2024-04-27 17:53:15
4673000|0.51428443|0|2024-04-27 17:53:15
4672000|3.7693566|0|2024-04-27 17:53:15
4670000|4.36948607|0|2024-04-27 17:53:15
4669000|1.3442|0|2024-04-27 17:53:15
4668000|1.71379605|0|2024-04-27 17:53:15
4675000|0.98590515|1|2024-04-27 17:53:21
4677000|6.40876935|1|2024-04-27 17:53:21
4678000|2.92431673|1|2024-04-27 17:53:21
4679000|6.34263404|1|2024-04-27 17:53:21
4680000|9.80772244|1|2024-04-27 17:53:21
4674000|0.36147437|0|2024-04-27 17:53:21
4673000|0.72817277|0|2024-04-27 17:53:21
4672000|3.7693566|0|2024-04-27 17:53:21
4671000|1.2319068|0|2024-04-27 17:53:21
4670000|4.36948607|0|2024-04-27 17:53:21
4675000|0.05637165|1|2024-04-27 17:53:27
4677000|6.49817184|1|2024-04-27 17:53:27
4678000|3.77300553|1|2024-04-27 17:53:27
4679000|7.15516645|1|2024-04-27 17:53:27
4680000|8.99519003|1|2024-04-27 17:53:27
4674000|0.36841167|0|2024-04-27 17:53:27
4673000|0.72817277|0|2024-04-27 17:53:27
4672000|3.7693566|0|2024-04-27 17:53:27
4670000|1.45172287|0|2024-04-27 17:53:27
4669000|1.3651|0|2024-04-27 17:53:27
4676000|1.279426|1|2024-04-27 17:53:33
4677000|7.60970425|1|2024-04-27 17:53:33
4678000|2.53181673|1|2024-04-27 17:53:33
4679000|8.93060541|1|2024-04-27 17:53:33
4680000|9.85501265|1|2024-04-27 17:53:33
4671000|0.0025174|0|2024-04-27 17:53:33
4670000|0.21948607|0|2024-04-27 17:53:33
4668000|1.23280159|0|2024-04-27 17:53:33
4667000|11.0|0|2024-04-27 17:53:33
4666000|0.0053579|0|2024-04-27 17:53:33
4672000|0.24|1|2024-04-27 17:53:39
4674000|0.072|1|2024-04-27 17:53:39
4675000|0.42856714|1|2024-04-27 17:53:39
4676000|1.69645841|1|2024-04-27 17:53:39
4677000|6.49817184|1|2024-04-27 17:53:39
4668000|0.0042422|0|2024-04-27 17:53:39
4667000|1.22722957|0|2024-04-27 17:53:39
4664000|1.2998|0|2024-04-27 17:53:39
4663000|4.24982561|0|2024-04-27 17:53:39
4662000|6.75964461|0|2024-04-27 17:53:39
4671000|0.00130574|1|2024-04-27 17:53:45
4672000|0.24|1|2024-04-27 17:53:45
4674000|0.3989|1|2024-04-27 17:53:45
4675000|0.43683908|1|2024-04-27 17:53:45
4676000|1.77178423|1|2024-04-27 17:53:45
4667000|1.21910074|0|2024-04-27 17:53:45
4664000|0.074|0|2024-04-27 17:53:45
4663000|1.2998|0|2024-04-27 17:53:45
4662000|6.75964461|0|2024-04-27 17:53:45
4661000|0.02|0|2024-04-27 17:53:45
4671000|0.00130574|1|2024-04-27 17:53:51
4672000|0.24|1|2024-04-27 17:53:51
4674000|0.396|1|2024-04-27 17:53:51
4675000|0.03366714|1|2024-04-27 17:53:51
4676000|0.95925182|1|2024-04-27 17:53:51
4667000|1.43830254|0|2024-04-27 17:53:51
4664000|0.148|0|2024-04-27 17:53:51
4663000|1.3019|0|2024-04-27 17:53:51
4662000|6.75964461|0|2024-04-27 17:53:51
4661000|0.02|0|2024-04-27 17:53:51
4672000|0.24|1|2024-04-27 17:53:57
4674000|0.3962|1|2024-04-27 17:53:57
4675000|0.55735733|1|2024-04-27 17:53:57
4676000|0.95925182|1|2024-04-27 17:53:57
4677000|7.5847384|1|2024-04-27 17:53:57
4667000|0.96460858|0|2024-04-27 17:53:57
4666000|0.02290754|0|2024-04-27 17:53:57
4664000|0.074|0|2024-04-27 17:53:57
4663000|1.3019|0|2024-04-27 17:53:57
4662000|6.75964461|0|2024-04-27 17:53:57
4671000|0.01712207|1|2024-04-27 17:54:03
4672000|0.24|1|2024-04-27 17:54:03
4675000|0.3972|1|2024-04-27 17:54:03
4676000|0.95925182|1|2024-04-27 17:54:03
4677000|7.1887384|1|2024-04-27 17:54:03
4667000|0.9632503|0|2024-04-27 17:54:03
4666000|0.04580754|0|2024-04-27 17:54:03
4664000|0.074|0|2024-04-27 17:54:03
4663000|1.3019|0|2024-04-27 17:54:03
4662000|6.75964461|0|2024-04-27 17:54:03
4671000|0.24350338|1|2024-04-27 17:54:09
4676000|1.35645182|1|2024-04-27 17:54:09
4677000|6.37620599|1|2024-04-27 17:54:09
4678000|3.60260553|1|2024-04-27 17:54:09
4679000|7.52716645|1|2024-04-27 17:54:09
4668000|0.8325|0|2024-04-27 17:54:09
4667000|2.2695503|0|2024-04-27 17:54:09
4666000|4.17290754|0|2024-04-27 17:54:09
4664000|0.074|0|2024-04-27 17:54:09
4662000|2.60964461|0|2024-04-27 17:54:09
4671000|5.033e-05|1|2024-04-27 17:54:15
4676000|0.88525182|1|2024-04-27 17:54:15
4677000|8.6997459|1|2024-04-27 17:54:15
4678000|2.53181673|1|2024-04-27 17:54:15
4679000|6.41663404|1|2024-04-27 17:54:15
4669000|1.50282355|0|2024-04-27 17:54:15
4668000|3.80004517|0|2024-04-27 17:54:15
4667000|4.56314651|0|2024-04-27 17:54:15
4666000|4.15|0|2024-04-27 17:54:15
4664000|0.074|0|2024-04-27 17:54:15
4675000|0.11832875|1|2024-04-27 17:54:21
4676000|0.87075005|1|2024-04-27 17:54:21
4677000|7.1970459|1|2024-04-27 17:54:21
4678000|2.53181673|1|2024-04-27 17:54:21
4679000|6.34263404|1|2024-04-27 17:54:21
4671000|8.553|0|2024-04-27 17:54:21
4670000|1.0139|0|2024-04-27 17:54:21
4669000|0.21417862|0|2024-04-27 17:54:21
4667000|4.63514651|0|2024-04-27 17:54:21
4666000|4.17|0|2024-04-27 17:54:21
4688000|0.93456265|1|2024-04-27 17:54:27
4689000|0.65382759|1|2024-04-27 17:54:27
4690000|11.14889807|1|2024-04-27 17:54:27
4691000|0.35725818|1|2024-04-27 17:54:27
4692000|4.05241913|1|2024-04-27 17:54:27
4685000|4.27106057|0|2024-04-27 17:54:27
4681000|1.01128|0|2024-04-27 17:54:27
4679000|1.70976704|0|2024-04-27 17:54:27
4677000|0.1275|0|2024-04-27 17:54:27
4676000|5.09383139|0|2024-04-27 17:54:27
4690000|8.44356766|1|2024-04-27 17:54:33
4691000|2.48945484|1|2024-04-27 17:54:33
4692000|5.33041913|1|2024-04-27 17:54:33
4693000|0.90072688|1|2024-04-27 17:54:33
4694000|5.24092529|1|2024-04-27 17:54:33
4689000|0.79943169|0|2024-04-27 17:54:33
4686000|0.00092233|0|2024-04-27 17:54:33
4685000|6.34231795|0|2024-04-27 17:54:33
4683000|1.22831584|0|2024-04-27 17:54:33
4681000|0.6911|0|2024-04-27 17:54:33
4690000|0.14556327|1|2024-04-27 17:54:39
4691000|1.58669174|1|2024-04-27 17:54:39
4692000|5.79679501|1|2024-04-27 17:54:39
4693000|0.38719447|1|2024-04-27 17:54:39
4694000|5.24092529|1|2024-04-27 17:54:39
4685000|6.18308826|0|2024-04-27 17:54:39
4684000|1.3844|0|2024-04-27 17:54:39
4683000|1.22853826|0|2024-04-27 17:54:39
4680000|4.15|0|2024-04-27 17:54:39
4679000|2.00493384|0|2024-04-27 17:54:39
4690000|0.90346543|1|2024-04-27 17:54:46
4691000|1.21530592|1|2024-04-27 17:54:46
4692000|5.75612742|1|2024-04-27 17:54:46
4693000|0.60027779|1|2024-04-27 17:54:46
4694000|6.64177459|1|2024-04-27 17:54:46
4685000|7.798052|0|2024-04-27 17:54:46
4684000|5.0|0|2024-04-27 17:54:46
4682000|1.30074087|0|2024-04-27 17:54:46
4680000|4.15|0|2024-04-27 17:54:46
4679000|2.00493384|0|2024-04-27 17:54:46
4687000|0.00166882|1|2024-04-27 17:54:52
4689000|2.0476|1|2024-04-27 17:54:52
4690000|1.38206543|1|2024-04-27 17:54:52
4691000|3.874101|1|2024-04-27 17:54:52
4692000|5.01759501|1|2024-04-27 17:54:52
4685000|5.27241332|0|2024-04-27 17:54:52
4684000|5.0|0|2024-04-27 17:54:52
4680000|1.4484|0|2024-04-27 17:54:52
4679000|1.70976704|0|2024-04-27 17:54:52
4678000|1.30764284|0|2024-04-27 17:54:52
4685000|1.36339246|1|2024-04-27 17:54:58
4687000|0.00297269|1|2024-04-27 17:54:58
4688000|1.67983241|1|2024-04-27 17:54:58
4689000|0.24|1|2024-04-27 17:54:58
4690000|3.00991473|1|2024-04-27 17:54:58
4684000|3.30026128|0|2024-04-27 17:54:58
4679000|1.3853|0|2024-04-27 17:54:58
4678000|1.30772765|0|2024-04-27 17:54:58
4676000|4.15|0|2024-04-27 17:54:58
4675000|1.78722994|0|2024-04-27 17:54:58
4687000|0.00297269|1|2024-04-27 17:55:04
4689000|0.24|1|2024-04-27 17:55:04
4690000|0.06006543|1|2024-04-27 17:55:04
4691000|1.21530592|1|2024-04-27 17:55:04
4692000|3.73959501|1|2024-04-27 17:55:04
4685000|1.87585435|0|2024-04-27 17:55:04
4684000|0.18543301|0|2024-04-27 17:55:04
4681000|1.3939|0|2024-04-27 17:55:04
4680000|4.16068376|0|2024-04-27 17:55:04
4677000|1.31173739|0|2024-04-27 17:55:04
4689000|0.00297269|1|2024-04-27 17:55:10
4690000|0.06006543|1|2024-04-27 17:55:10
4691000|2.09160592|1|2024-04-27 17:55:10
4692000|3.68690789|1|2024-04-27 17:55:10
4693000|0.30127779|1|2024-04-27 17:55:10
4685000|1.74600063|0|2024-04-27 17:55:10
4684000|4.52083301|0|2024-04-27 17:55:10
4681000|1.3889|0|2024-04-27 17:55:10
4680000|1.72008546|0|2024-04-27 17:55:10
4678000|0.06320952|0|2024-04-27 17:55:10
4689000|0.21623778|1|2024-04-27 17:55:16
4690000|0.06006543|1|2024-04-27 17:55:16
4691000|1.21530592|1|2024-04-27 17:55:16
4692000|4.56230789|1|2024-04-27 17:55:16
4693000|0.30127779|1|2024-04-27 17:55:16
4685000|3.13490063|0|2024-04-27 17:55:16
4684000|3.91506805|0|2024-04-27 17:55:16
4681000|0.074|0|2024-04-27 17:55:16
4680000|5.87008546|0|2024-04-27 17:55:16
4678000|0.06320952|0|2024-04-27 17:55:16
4691000|0.67629634|1|2024-04-27 17:55:22
4692000|3.90003662|1|2024-04-27 17:55:22
4693000|1.16957779|1|2024-04-27 17:55:22
4694000|2.94079821|1|2024-04-27 17:55:22
4695000|8.0990516|1|2024-04-27 17:55:22
4685000|3.36069754|0|2024-04-27 17:55:22
4684000|1.62686637|0|2024-04-27 17:55:22
4683000|0.076|0|2024-04-27 17:55:22
4681000|0.074|0|2024-04-27 17:55:22
4680000|0.01068376|0|2024-04-27 17:55:22
4690000|0.21535182|1|2024-04-27 17:55:28
4691000|2.49085239|1|2024-04-27 17:55:28
4692000|4.76526791|1|2024-04-27 17:55:28
4693000|0.30127779|1|2024-04-27 17:55:28
4694000|2.71679821|1|2024-04-27 17:55:28
4686000|2.02875461|0|2024-04-27 17:55:28
4685000|1.6682525|0|2024-04-27 17:55:28
4684000|1.62686637|0|2024-04-27 17:55:28
4683000|1.4409|0|2024-04-27 17:55:28
4682000|4.15|0|2024-04-27 17:55:28
4690000|1.75217284|1|2024-04-27 17:55:34
4691000|0.88287586|1|2024-04-27 17:55:34
4692000|3.90216791|1|2024-04-27 17:55:34
4693000|0.30127779|1|2024-04-27 17:55:34
4694000|6.38641066|1|2024-04-27 17:55:34
4686000|2.02875461|0|2024-04-27 17:55:34
4685000|1.6682525|0|2024-04-27 17:55:34
4684000|0.18543301|0|2024-04-27 17:55:34
4683000|1.30407068|0|2024-04-27 17:55:34
4682000|4.15|0|2024-04-27 17:55:34
4688000|1.3627|1|2024-04-27 17:55:40
4689000|2.14927601|1|2024-04-27 17:55:40
4690000|0.89317284|1|2024-04-27 17:55:40
4691000|3.48300294|1|2024-04-27 17:55:40
4692000|5.02816791|1|2024-04-27 17:55:40
4686000|3.74778792|0|2024-04-27 17:55:40
4685000|2.36840698|0|2024-04-27 17:55:40
4684000|0.18543301|0|2024-04-27 17:55:40
4682000|4.15|0|2024-04-27 17:55:40
4681000|1.78303653|0|2024-04-27 17:55:40
4689000|3.40536621|1|2024-04-27 17:55:46
4690000|0.89317284|1|2024-04-27 17:55:46
4691000|3.48300294|1|2024-04-27 17:55:46
4692000|6.25667008|1|2024-04-27 17:55:46
4693000|0.30127779|1|2024-04-27 17:55:46
4686000|2.70848792|0|2024-04-27 17:55:46
4685000|3.06799476|0|2024-04-27 17:55:46
4682000|4.15|0|2024-04-27 17:55:46
4681000|3.01148703|0|2024-04-27 17:55:46
4680000|0.01068376|0|2024-04-27 17:55:46
4685000|1.65154076|1|2024-04-27 17:55:52
4688000|1.3662|1|2024-04-27 17:55:52
4689000|2.11466621|1|2024-04-27 17:55:52
4690000|2.50328112|1|2024-04-27 17:55:52
4691000|3.48300294|1|2024-04-27 17:55:52
4680000|1.92382355|0|2024-04-27 17:55:52
4679000|4.15|0|2024-04-27 17:55:52
4678000|0.072|0|2024-04-27 17:55:52
4677000|1.71049818|0|2024-04-27 17:55:52
4676000|0.078|0|2024-04-27 17:55:52
4685000|0.42225174|1|2024-04-27 17:55:58
4688000|1.1749|1|2024-04-27 17:55:58
4689000|2.11466621|1|2024-04-27 17:55:58
4690000|7.47474681|1|2024-04-27 17:55:58
4691000|3.48300294|1|2024-04-27 17:55:58
4679000|14.82010337|0|2024-04-27 17:55:58
4677000|1.71049818|0|2024-04-27 17:55:58
4676000|0.078|0|2024-04-27 17:55:58
4675000|0.008|0|2024-04-27 17:55:58
4673000|0.068|0|2024-04-27 17:55:58
4689000|2.12289271|1|2024-04-27 17:56:04
4690000|6.73290563|1|2024-04-27 17:56:04
4691000|0.88287586|1|2024-04-27 17:56:04
4692000|3.97816791|1|2024-04-27 17:56:04
4693000|1.41709204|1|2024-04-27 17:56:04
4685000|2.37026703|0|2024-04-27 17:56:04
4682000|1.47566737|0|2024-04-27 17:56:04
4681000|0.368|0|2024-04-27 17:56:04
4680000|0.072|0|2024-04-27 17:56:04
4679000|13.78940337|0|2024-04-27 17:56:04
4689000|2.11819271|1|2024-04-27 17:56:10
4690000|6.49290563|1|2024-04-27 17:56:10
4691000|0.88287586|1|2024-04-27 17:56:10
4692000|4.79070032|1|2024-04-27 17:56:10
4693000|0.30555963|1|2024-04-27 17:56:10
4686000|1.22468338|0|2024-04-27 17:56:10
4685000|2.99508503|0|2024-04-27 17:56:10
4681000|0.74584622|0|2024-04-27 17:56:10
4680000|4.222|0|2024-04-27 17:56:10
4679000|6.54926507|0|2024-04-27 17:56:10
4690000|6.49146603|1|2024-04-27 17:56:16
4691000|0.88287586|1|2024-04-27 17:56:16
4692000|3.90216791|1|2024-04-27 17:56:16
4693000|0.30555963|1|2024-04-27 17:56:16
4694000|2.64292859|1|2024-04-27 17:56:16
4689000|0.30267621|0|2024-04-27 17:56:16
4685000|7.2518624|0|2024-04-27 17:56:16
4684000|0.5462|0|2024-04-27 17:56:16
4683000|4.15|0|2024-04-27 17:56:16
4682000|0.072|0|2024-04-27 17:56:16
4690000|4.52665775|1|2024-04-27 17:56:23
4691000|0.88287586|1|2024-04-27 17:56:23
4692000|5.27706791|1|2024-04-27 17:56:23
4693000|0.30555963|1|2024-04-27 17:56:23
4694000|2.64292859|1|2024-04-27 17:56:23
4689000|0.06267621|0|2024-04-27 17:56:23
4687000|4.15|0|2024-04-27 17:56:23
4685000|6.58115026|0|2024-04-27 17:56:23
4684000|0.076|0|2024-04-27 17:56:23
4683000|0.5444|0|2024-04-27 17:56:23
4690000|3.08567247|1|2024-04-27 17:56:29
4691000|2.22667586|1|2024-04-27 17:56:29
4692000|3.90216791|1|2024-04-27 17:56:29
4693000|0.30555963|1|2024-04-27 17:56:29
4694000|2.64292859|1|2024-04-27 17:56:29
4687000|1.44126812|0|2024-04-27 17:56:29
4685000|5.95633226|0|2024-04-27 17:56:29
4684000|5.37762728|0|2024-04-27 17:56:29
4682000|0.072|0|2024-04-27 17:56:29
4681000|0.19914622|0|2024-04-27 17:56:29
4689000|1.74580725|1|2024-04-27 17:56:35
4690000|3.08098165|1|2024-04-27 17:56:35
4691000|2.13700445|1|2024-04-27 17:56:35
4692000|5.10816791|1|2024-04-27 17:56:35
4693000|2.64533773|1|2024-04-27 17:56:35
4687000|1.44126812|0|2024-04-27 17:56:35
4685000|4.24875489|0|2024-04-27 17:56:35
4682000|1.30016641|0|2024-04-27 17:56:35
4681000|0.19914622|0|2024-04-27 17:56:35
4680000|2.3112017|0|2024-04-27 17:56:35
4690000|4.32200983|1|2024-04-27 17:56:41
4691000|2.13700445|1|2024-04-27 17:56:41
4692000|5.10816791|1|2024-04-27 17:56:41
4693000|1.41709204|1|2024-04-27 17:56:41
4694000|5.18498743|1|2024-04-27 17:56:41
4687000|0.44126812|0|2024-04-27 17:56:41
4686000|0.06310161|0|2024-04-27 17:56:41
4685000|4.24875489|0|2024-04-27 17:56:41
4682000|0.072|0|2024-04-27 17:56:41
4681000|1.53574622|0|2024-04-27 17:56:41
4690000|4.69050983|1|2024-04-27 17:56:47
4691000|2.81140445|1|2024-04-27 17:56:47
4692000|5.92070032|1|2024-04-27 17:56:47
4693000|0.60455963|1|2024-04-27 17:56:47
4694000|5.94421053|1|2024-04-27 17:56:47
4689000|5.81955922|0|2024-04-27 17:56:47
4688000|2.26529595|0|2024-04-27 17:56:47
4687000|7.28771502|0|2024-04-27 17:56:47
4686000|0.06310161|0|2024-04-27 17:56:47
4685000|4.24875489|0|2024-04-27 17:56:47
4689000|0.00607608|1|2024-04-27 17:56:53
4690000|6.74704224|1|2024-04-27 17:56:53
4691000|1.55647586|1|2024-04-27 17:56:53
4692000|6.43701721|1|2024-04-27 17:56:53
4693000|1.46438225|1|2024-04-27 17:56:53
4688000|1.77693835|0|2024-04-27 17:56:53
4687000|7.28771502|0|2024-04-27 17:56:53
4686000|0.06310161|0|2024-04-27 17:56:53
4685000|4.24875489|0|2024-04-27 17:56:53
4684000|0.00130231|0|2024-04-27 17:56:53
4688000|0.13502546|1|2024-04-27 17:56:59
4689000|0.00717608|1|2024-04-27 17:56:59
4690000|4.69050983|1|2024-04-27 17:56:59
4691000|3.61035626|1|2024-04-27 17:56:59
4692000|5.10816791|1|2024-04-27 17:56:59
4687000|7.35172184|0|2024-04-27 17:56:59
4686000|0.06310161|0|2024-04-27 17:56:59
4685000|4.25883949|0|2024-04-27 17:56:59
4684000|0.00130231|0|2024-04-27 17:56:59
4682000|17.58136108|0|2024-04-27 17:56:59
4688000|0.12545994|1|2024-04-27 17:57:05
4689000|2.21289204|1|2024-04-27 17:57:05
4690000|75.50304224|1|2024-04-27 17:57:05
4691000|2.87064695|1|2024-04-27 17:57:05
4692000|6.53761673|1|2024-04-27 17:57:05
4686000|0.06310161|0|2024-04-27 17:57:05
4685000|4.24875489|0|2024-04-27 17:57:05
4684000|0.01485221|0|2024-04-27 17:57:05
4682000|17.58136108|0|2024-04-27 17:57:05
4680000|2.03124023|0|2024-04-27 17:57:05
4688000|0.080646|1|2024-04-27 17:57:11
4689000|3.19851144|1|2024-04-27 17:57:11
4690000|77.07154686|1|2024-04-27 17:57:11
4691000|3.44027315|1|2024-04-27 17:57:11
4692000|6.26799053|1|2024-04-27 17:57:11
4685000|4.23583133|0|2024-04-27 17:57:11
4684000|0.01485221|0|2024-04-27 17:57:11
4682000|17.50936108|0|2024-04-27 17:57:11
4680000|2.03124023|0|2024-04-27 17:57:11
4679000|4.31785516|0|2024-04-27 17:57:11
4688000|0.14907584|1|2024-04-27 17:57:17
4689000|3.45406085|1|2024-04-27 17:57:17
4690000|75.98364393|1|2024-04-27 17:57:17
4691000|0.88287586|1|2024-04-27 17:57:17
4692000|4.20216791|1|2024-04-27 17:57:17
4685000|4.2303512|0|2024-04-27 17:57:17
4684000|0.01485221|0|2024-04-27 17:57:17
4683000|1.3553|0|2024-04-27 17:57:17
4682000|17.50936108|0|2024-04-27 17:57:17
4681000|4.15|0|2024-04-27 17:57:17
4688000|0.0259575|1|2024-04-27 17:57:23
4689000|3.01958049|1|2024-04-27 17:57:23
4690000|76.02628786|1|2024-04-27 17:57:23
4691000|0.88287586|1|2024-04-27 17:57:23
4692000|4.20216791|1|2024-04-27 17:57:23
4685000|8.10614843|0|2024-04-27 17:57:23
4684000|0.00130231|0|2024-04-27 17:57:23
4683000|1.3553|0|2024-04-27 17:57:23
4682000|17.50936108|0|2024-04-27 17:57:23
4681000|5.37831608|0|2024-04-27 17:57:23
4688000|4.92698801|1|2024-04-27 17:57:29
4689000|3.01958049|1|2024-04-27 17:57:29
4690000|76.02628786|1|2024-04-27 17:57:29
4691000|0.88287586|1|2024-04-27 17:57:29
4692000|4.20216791|1|2024-04-27 17:57:29
4686000|0.21340162|0|2024-04-27 17:57:29
4685000|7.36838268|0|2024-04-27 17:57:29
4684000|0.00130231|0|2024-04-27 17:57:29
4683000|1.353|0|2024-04-27 17:57:29
4682000|17.58336108|0|2024-04-27 17:57:29
4687000|2.11913781|1|2024-04-27 17:57:35
4688000|5.30006606|1|2024-04-27 17:57:35
4689000|3.01958049|1|2024-04-27 17:57:35
4690000|76.32628786|1|2024-04-27 17:57:35
4691000|0.88287586|1|2024-04-27 17:57:35
4686000|0.3023806|0|2024-04-27 17:57:35
4685000|7.36838268|0|2024-04-27 17:57:35
4684000|1.34660231|0|2024-04-27 17:57:35
4683000|0.21353833|0|2024-04-27 17:57:35
4682000|17.58336108|0|2024-04-27 17:57:35
4686000|0.0011303|1|2024-04-27 17:57:41
4687000|2.11913781|1|2024-04-27 17:57:41
4688000|4.86345304|1|2024-04-27 17:57:41
4689000|3.01958049|1|2024-04-27 17:57:41
4690000|76.32628786|1|2024-04-27 17:57:41
4685000|6.81219717|0|2024-04-27 17:57:41
4684000|0.00130231|0|2024-04-27 17:57:41
4683000|0.21353833|0|2024-04-27 17:57:41
4682000|17.50936108|0|2024-04-27 17:57:41
4681000|4.15|0|2024-04-27 17:57:41
4686000|0.43774332|1|2024-04-27 17:57:47
4687000|2.11913781|1|2024-04-27 17:57:47
4688000|0.24213311|1|2024-04-27 17:57:47
4689000|7.40421913|1|2024-04-27 17:57:47
4690000|76.32842006|1|2024-04-27 17:57:47
4685000|6.65880295|0|2024-04-27 17:57:47
4684000|0.00130231|0|2024-04-27 17:57:47
4683000|0.31725403|0|2024-04-27 17:57:47
4682000|17.50936108|0|2024-04-27 17:57:47
4680000|2.03124023|0|2024-04-27 17:57:47
4685000|0.72304329|1|2024-04-27 17:57:53
4686000|0.45908349|1|2024-04-27 17:57:53
4687000|2.11913781|1|2024-04-27 17:57:53
4688000|0.92703311|1|2024-04-27 17:57:53
4689000|5.91288672|1|2024-04-27 17:57:53
4684000|0.00130231|0|2024-04-27 17:57:53
4683000|0.31725403|0|2024-04-27 17:57:53
4682000|17.50936108|0|2024-04-27 17:57:53
4680000|1.95924023|0|2024-04-27 17:57:53
4679000|1.39684036|0|2024-04-27 17:57:53
4685000|1.41334329|1|2024-04-27 17:58:00
4686000|0.45908349|1|2024-04-27 17:58:00
4687000|2.11913781|1|2024-04-27 17:58:00
4688000|0.24213311|1|2024-04-27 17:58:00
4689000|8.23764327|1|2024-04-27 17:58:00
4683000|0.14150288|0|2024-04-27 17:58:00
4682000|14.59754114|0|2024-04-27 17:58:00
4680000|1.95924023|0|2024-04-27 17:58:00
4679000|0.16785516|0|2024-04-27 17:58:00
4677000|4.224|0|2024-04-27 17:58:00
4683000|4.46348754|1|2024-04-27 17:58:06
4685000|0.72304329|1|2024-04-27 17:58:06
4686000|0.45908349|1|2024-04-27 17:58:06
4687000|2.11913781|1|2024-04-27 17:58:06
4688000|0.24213311|1|2024-04-27 17:58:06
4682000|14.58708104|0|2024-04-27 17:58:06
4680000|0.94205011|0|2024-04-27 17:58:06
4679000|1.39699084|0|2024-04-27 17:58:06
4677000|4.224|0|2024-04-27 17:58:06
4676000|1.71086398|0|2024-04-27 17:58:06
4683000|4.18950702|1|2024-04-27 17:58:12
4685000|0.72304329|1|2024-04-27 17:58:12
4686000|0.43774332|1|2024-04-27 17:58:12
4687000|2.11913781|1|2024-04-27 17:58:12
4688000|0.68083311|1|2024-04-27 17:58:12
4682000|12.98193043|0|2024-04-27 17:58:12
4680000|1.88415011|0|2024-04-27 17:58:12
4679000|1.39566577|0|2024-04-27 17:58:12
4677000|4.224|0|2024-04-27 17:58:12
4676000|1.71086398|0|2024-04-27 17:58:12
4683000|1.02007452|1|2024-04-27 17:58:18
4685000|0.08105742|1|2024-04-27 17:58:18
4686000|0.0011303|1|2024-04-27 17:58:18
4687000|2.11913781|1|2024-04-27 17:58:18
4688000|0.68693311|1|2024-04-27 17:58:18
4682000|16.0808884|0|2024-04-27 17:58:18
4680000|0.94205011|0|2024-04-27 17:58:18
4679000|1.39566577|0|2024-04-27 17:58:18
4677000|4.224|0|2024-04-27 17:58:18
4676000|1.71086398|0|2024-04-27 17:58:18
4685000|0.08105742|1|2024-04-27 17:58:24
4686000|0.0011303|1|2024-04-27 17:58:24
4687000|2.11913781|1|2024-04-27 17:58:24
4688000|0.68583311|1|2024-04-27 17:58:24
4689000|4.64529589|1|2024-04-27 17:58:24
4683000|0.77168318|0|2024-04-27 17:58:24
4682000|15.49319528|0|2024-04-27 17:58:24
4680000|0.94205011|0|2024-04-27 17:58:24
4679000|1.39566577|0|2024-04-27 17:58:24
4677000|4.224|0|2024-04-27 17:58:24
4684000|0.57445532|1|2024-04-27 17:58:30
4685000|0.12969095|1|2024-04-27 17:58:30
4686000|0.43774332|1|2024-04-27 17:58:30
4687000|2.12043909|1|2024-04-27 17:58:30
4688000|0.68083311|1|2024-04-27 17:58:30
4683000|0.0870705|0|2024-04-27 17:58:30
4682000|16.72149618|0|2024-04-27 17:58:30
4680000|5.09205011|0|2024-04-27 17:58:30
4679000|0.16653009|0|2024-04-27 17:58:30
4677000|0.074|0|2024-04-27 17:58:30
4683000|3.701|1|2024-04-27 17:58:36
4684000|0.55008002|1|2024-04-27 17:58:36
4685000|0.12969095|1|2024-04-27 17:58:36
4686000|0.43774332|1|2024-04-27 17:58:36
4687000|2.12043909|1|2024-04-27 17:58:36
4682000|15.49319528|0|2024-04-27 17:58:36
4681000|1.41545357|0|2024-04-27 17:58:36
4680000|5.09205011|0|2024-04-27 17:58:36
4679000|0.16653009|0|2024-04-27 17:58:36
4677000|0.074|0|2024-04-27 17:58:36
4683000|2.81684828|1|2024-04-27 17:58:42
4684000|0.55008002|1|2024-04-27 17:58:42
4685000|0.04917702|1|2024-04-27 17:58:42
4686000|0.0011303|1|2024-04-27 17:58:42
4687000|2.12043909|1|2024-04-27 17:58:42
4682000|12.716393|0|2024-04-27 17:58:42
4681000|1.41545357|0|2024-04-27 17:58:42
4680000|5.09205011|0|2024-04-27 17:58:42
4679000|0.16653009|0|2024-04-27 17:58:42
4677000|0.074|0|2024-04-27 17:58:42
4683000|2.30958079|1|2024-04-27 17:58:48
4684000|0.55008002|1|2024-04-27 17:58:48
4685000|0.04917702|1|2024-04-27 17:58:48
4686000|0.0011303|1|2024-04-27 17:58:48
4687000|0.00130128|1|2024-04-27 17:58:48
4682000|12.20418569|0|2024-04-27 17:58:48
4681000|0.55008002|0|2024-04-27 17:58:48
4680000|5.09205011|0|2024-04-27 17:58:48
4679000|0.16653009|0|2024-04-27 17:58:48
4677000|0.94011366|0|2024-04-27 17:58:48
4683000|1.43471822|1|2024-04-27 17:58:54
4684000|0.55008002|1|2024-04-27 17:58:54
4685000|0.04917702|1|2024-04-27 17:58:54
4686000|0.0011303|1|2024-04-27 17:58:54
4687000|0.00130128|1|2024-04-27 17:58:54
4682000|12.20418569|0|2024-04-27 17:58:54
4681000|1.41545357|0|2024-04-27 17:58:54
4680000|5.09205011|0|2024-04-27 17:58:54
4679000|0.16653009|0|2024-04-27 17:58:54
4677000|0.074|0|2024-04-27 17:58:54
4683000|2.49926466|1|2024-04-27 17:59:00
4684000|0.55008002|1|2024-04-27 17:59:00
4685000|0.04917702|1|2024-04-27 17:59:00
4686000|0.0011303|1|2024-04-27 17:59:00
4687000|0.00130128|1|2024-04-27 17:59:00
4682000|12.20418569|0|2024-04-27 17:59:00
4681000|1.41545357|0|2024-04-27 17:59:00
4680000|5.09205011|0|2024-04-27 17:59:00
4679000|0.16653009|0|2024-04-27 17:59:00
4677000|0.074|0|2024-04-27 17:59:00
4683000|1.18303492|1|2024-04-27 17:59:06
4684000|0.55008002|1|2024-04-27 17:59:06
4685000|0.34917702|1|2024-04-27 17:59:06
4686000|0.0011303|1|2024-04-27 17:59:06
4687000|0.00130128|1|2024-04-27 17:59:06
4682000|11.98632611|0|2024-04-27 17:59:06
4681000|0.86537355|0|2024-04-27 17:59:06
4680000|5.09205011|0|2024-04-27 17:59:06
4679000|1.25358597|0|2024-04-27 17:59:06
4677000|0.074|0|2024-04-27 17:59:06
4683000|3.14e-05|1|2024-04-27 17:59:12
4684000|0.15483382|1|2024-04-27 17:59:12
4685000|0.34917702|1|2024-04-27 17:59:12
4686000|0.0011303|1|2024-04-27 17:59:12
4687000|0.00130128|1|2024-04-27 17:59:12
4682000|11.98632611|0|2024-04-27 17:59:12
4681000|0.86537355|0|2024-04-27 17:59:12
4680000|4.59205011|0|2024-04-27 17:59:12
4679000|1.25358597|0|2024-04-27 17:59:12
4677000|0.074|0|2024-04-27 17:59:12
4685000|0.10678077|1|2024-04-27 17:59:18
4686000|0.0011303|1|2024-04-27 17:59:18
4687000|0.00130128|1|2024-04-27 17:59:18
4688000|0.76410227|1|2024-04-27 17:59:18
4689000|4.449139|1|2024-04-27 17:59:18
4684000|0.31986333|0|2024-04-27 17:59:18
4683000|1.50561896|0|2024-04-27 17:59:18
4682000|11.98632611|0|2024-04-27 17:59:18
4680000|4.59205011|0|2024-04-27 17:59:18
4679000|1.25358597|0|2024-04-27 17:59:18
4689000|5.80553717|1|2024-04-27 17:59:24
4690000|75.27842006|1|2024-04-27 17:59:24
4691000|0.88287586|1|2024-04-27 17:59:24
4692000|5.31913286|1|2024-04-27 17:59:24
4693000|1.70029003|1|2024-04-27 17:59:24
4685000|1.59756578|0|2024-04-27 17:59:24
4684000|2.45376333|0|2024-04-27 17:59:24
4683000|0.76342473|0|2024-04-27 17:59:24
4682000|13.69499761|0|2024-04-27 17:59:24
4681000|0.072|0|2024-04-27 17:59:24
4688000|0.91807584|1|2024-04-27 17:59:31
4689000|5.24102228|1|2024-04-27 17:59:31
4690000|75.27842006|1|2024-04-27 17:59:31
4691000|0.88287586|1|2024-04-27 17:59:31
4692000|5.31913286|1|2024-04-27 17:59:31
4685000|0.73314399|0|2024-04-27 17:59:31
4684000|0.31986333|0|2024-04-27 17:59:31
4683000|2.73343263|0|2024-04-27 17:59:31
4682000|13.69499761|0|2024-04-27 17:59:31
4681000|0.072|0|2024-04-27 17:59:31
4688000|1.39160491|1|2024-04-27 17:59:37
4689000|4.59262228|1|2024-04-27 17:59:37
4690000|75.27842006|1|2024-04-27 17:59:37
4691000|0.88287586|1|2024-04-27 17:59:37
4692000|5.31913286|1|2024-04-27 17:59:37
4685000|1.71783184|0|2024-04-27 17:59:37
4684000|0.63976333|0|2024-04-27 17:59:37
4683000|3.15658517|0|2024-04-27 17:59:37
4682000|13.69499761|0|2024-04-27 17:59:37
4681000|0.072|0|2024-04-27 17:59:37
4689000|4.32836528|1|2024-04-27 17:59:43
4690000|75.27842006|1|2024-04-27 17:59:43
4691000|0.88287586|1|2024-04-27 17:59:43
4692000|5.31913286|1|2024-04-27 17:59:43
4693000|1.70029003|1|2024-04-27 17:59:43
4686000|0.27728367|0|2024-04-27 17:59:43
4685000|0.85533161|0|2024-04-27 17:59:43
4684000|2.46488262|0|2024-04-27 17:59:43
4683000|6.01838517|0|2024-04-27 17:59:43
4682000|13.69499761|0|2024-04-27 17:59:43
4689000|4.70983191|1|2024-04-27 17:59:49
4690000|75.27842006|1|2024-04-27 17:59:49
4691000|0.88287586|1|2024-04-27 17:59:49
4692000|5.31913286|1|2024-04-27 17:59:49
4693000|0.38155963|1|2024-04-27 17:59:49
4688000|0.78345346|0|2024-04-27 17:59:49
4686000|0.19409857|0|2024-04-27 17:59:49
4685000|0.85533161|0|2024-04-27 17:59:49
4684000|1.18468262|0|2024-04-27 17:59:49
4683000|7.28678517|0|2024-04-27 17:59:49
4689000|4.88711043|1|2024-04-27 17:59:55
4690000|76.63118654|1|2024-04-27 17:59:55
4691000|1.66270305|1|2024-04-27 17:59:55
4692000|7.59266527|1|2024-04-27 17:59:55
4693000|1.14078273|1|2024-04-27 17:59:55
4688000|0.77982719|0|2024-04-27 17:59:55
4687000|0.0356068|0|2024-04-27 17:59:55
4686000|0.19409857|0|2024-04-27 17:59:55
4685000|0.85533161|0|2024-04-27 17:59:55
4684000|0.31986333|0|2024-04-27 17:59:55
4690000|74.60852741|1|2024-04-27 18:00:01
4691000|0.88287586|1|2024-04-27 18:00:01
4692000|6.13166527|1|2024-04-27 18:00:01
4693000|1.43578273|1|2024-04-27 18:00:01
4694000|8.2262869|1|2024-04-27 18:00:01
4686000|0.36125008|0|2024-04-27 18:00:01
4685000|0.65592585|0|2024-04-27 18:00:01
4684000|0.31986333|0|2024-04-27 18:00:01
4683000|1.91891499|0|2024-04-27 18:00:01
4682000|13.69499761|0|2024-04-27 18:00:01
4690000|38.29032913|1|2024-04-27 18:00:07
4691000|0.88287586|1|2024-04-27 18:00:07
4692000|5.31913286|1|2024-04-27 18:00:07
4693000|0.37755963|1|2024-04-27 18:00:07
4694000|5.54305567|1|2024-04-27 18:00:07
4686000|1.22207244|0|2024-04-27 18:00:07
4685000|0.65592585|0|2024-04-27 18:00:07
4684000|1.60716333|0|2024-04-27 18:00:07
4683000|4.79061499|0|2024-04-27 18:00:07
4682000|13.69499761|0|2024-04-27 18:00:07
4690000|29.20834669|1|2024-04-27 18:00:13
4691000|0.88287586|1|2024-04-27 18:00:13
4692000|5.31913286|1|2024-04-27 18:00:13
4693000|0.81393724|1|2024-04-27 18:00:13
4694000|2.94292859|1|2024-04-27 18:00:13
4687000|0.94530749|0|2024-04-27 18:00:13
4686000|0.57059792|0|2024-04-27 18:00:13
4685000|0.60751485|0|2024-04-27 18:00:13
4684000|1.62436333|0|2024-04-27 18:00:13
4683000|0.71261499|0|2024-04-27 18:00:13
4689000|0.00778097|1|2024-04-27 18:00:19
4690000|9.06121796|1|2024-04-27 18:00:19
4691000|1.61827586|1|2024-04-27 18:00:19
4692000|5.38948921|1|2024-04-27 18:00:19
4693000|1.41709204|1|2024-04-27 18:00:19
4687000|0.0155191|0|2024-04-27 18:00:19
4686000|3.72117889|0|2024-04-27 18:00:19
4685000|0.60986276|0|2024-04-27 18:00:19
4684000|3.37420525|0|2024-04-27 18:00:19
4683000|1.50561896|0|2024-04-27 18:00:19
4690000|2.90222104|1|2024-04-27 18:00:25
4691000|0.94597747|1|2024-04-27 18:00:25
4692000|4.25348921|1|2024-04-27 18:00:25
4693000|0.30555963|1|2024-04-27 18:00:25
4694000|2.64292859|1|2024-04-27 18:00:25
4687000|2.22126575|0|2024-04-27 18:00:25
4686000|3.73364256|0|2024-04-27 18:00:25
4685000|4.75986276|0|2024-04-27 18:00:25
4684000|2.02780525|0|2024-04-27 18:00:25
4683000|0.71261499|0|2024-04-27 18:00:25
4690000|3.26278678|1|2024-04-27 18:00:31
4691000|0.94597747|1|2024-04-27 18:00:31
4692000|4.44977876|1|2024-04-27 18:00:31
4693000|0.30555963|1|2024-04-27 18:00:31
4694000|2.64292859|1|2024-04-27 18:00:31
4686000|6.45726651|0|2024-04-27 18:00:31
4685000|4.75986276|0|2024-04-27 18:00:31
4684000|1.70794192|0|2024-04-27 18:00:31
4683000|0.71261499|0|2024-04-27 18:00:31
4682000|12.64786577|0|2024-04-27 18:00:31
4692000|3.64174859|1|2024-04-27 18:00:37
4693000|0.30555963|1|2024-04-27 18:00:37
4694000|2.64292859|1|2024-04-27 18:00:37
4695000|7.20908024|1|2024-04-27 18:00:37
4696000|0.90239282|1|2024-04-27 18:00:37
4688000|0.30374758|0|2024-04-27 18:00:37
4687000|1.75481761|0|2024-04-27 18:00:37
4686000|5.43636651|0|2024-04-27 18:00:37
4685000|5.04216276|0|2024-04-27 18:00:37
4684000|1.74407436|0|2024-04-27 18:00:37
4690000|0.01066099|1|2024-04-27 18:00:43
4692000|3.64068295|1|2024-04-27 18:00:43
4693000|0.30555963|1|2024-04-27 18:00:43
4694000|2.64292859|1|2024-04-27 18:00:43
4695000|7.20908024|1|2024-04-27 18:00:43
4688000|0.21673071|0|2024-04-27 18:00:43
4687000|2.8561916|0|2024-04-27 18:00:43
4686000|4.57191632|0|2024-04-27 18:00:43
4685000|5.04216276|0|2024-04-27 18:00:43
4684000|1.99117436|0|2024-04-27 18:00:43
4692000|4.03852825|1|2024-04-27 18:00:49
4693000|0.30555963|1|2024-04-27 18:00:49
4694000|3.37422859|1|2024-04-27 18:00:49
4695000|7.20908024|1|2024-04-27 18:00:49
4696000|0.90239282|1|2024-04-27 18:00:49
4688000|6.54673857|0|2024-04-27 18:00:49
4687000|2.23642585|0|2024-04-27 18:00:49
4686000|5.43636651|0|2024-04-27 18:00:49
4685000|5.04216276|0|2024-04-27 18:00:49
4684000|1.99117436|0|2024-04-27 18:00:49
4692000|3.90132151|1|2024-04-27 18:00:55
4693000|0.30555963|1|2024-04-27 18:00:55
4694000|3.37422859|1|2024-04-27 18:00:55
4695000|7.20908024|1|2024-04-27 18:00:55
4696000|0.90239282|1|2024-04-27 18:00:55
4689000|0.0035224|0|2024-04-27 18:00:55
4688000|0.95931718|0|2024-04-27 18:00:55
4687000|0.66252585|0|2024-04-27 18:00:55
4686000|7.99255381|0|2024-04-27 18:00:55
4685000|5.05283511|0|2024-04-27 18:00:55
4691000|5.7761097|1|2024-04-27 18:01:02
4692000|3.90132151|1|2024-04-27 18:01:02
4693000|0.30555963|1|2024-04-27 18:01:02
4694000|3.37422859|1|2024-04-27 18:01:02
4695000|7.20908024|1|2024-04-27 18:01:02
4688000|3.63772195|0|2024-04-27 18:01:02
4687000|1.5267916|0|2024-04-27 18:01:02
4686000|6.58956619|0|2024-04-27 18:01:02
4685000|5.05283511|0|2024-04-27 18:01:02
4684000|1.95504192|0|2024-04-27 18:01:02
4691000|4.82128587|1|2024-04-27 18:01:08
4692000|3.90022757|1|2024-04-27 18:01:08
4693000|0.30555963|1|2024-04-27 18:01:08
4694000|3.37422859|1|2024-04-27 18:01:08
4695000|7.20908024|1|2024-04-27 18:01:08
4688000|5.58079403|0|2024-04-27 18:01:08
4687000|1.99302585|0|2024-04-27 18:01:08
4686000|5.30811011|0|2024-04-27 18:01:08
4685000|4.66090191|0|2024-04-27 18:01:08
4684000|0.2471|0|2024-04-27 18:01:08
4695000|7.20908024|1|2024-04-27 18:01:14
4696000|0.82839282|1|2024-04-27 18:01:14
4697000|0.1207357|1|2024-04-27 18:01:14
4698000|1.16064467|1|2024-04-27 18:01:14
4699000|9.46900103|1|2024-04-27 18:01:14
4691000|1.323|0|2024-04-27 18:01:14
4690000|0.8379768|0|2024-04-27 18:01:14
4689000|3.25344956|0|2024-04-27 18:01:14
4688000|4.4762561|0|2024-04-27 18:01:14
4687000|0.73652585|0|2024-04-27 18:01:14
4697000|0.77141888|1|2024-04-27 18:01:20
4698000|1.16182739|1|2024-04-27 18:01:20
4699000|9.46900103|1|2024-04-27 18:01:20
4700000|67.81041463|1|2024-04-27 18:01:20
4701000|1.13508837|1|2024-04-27 18:01:20
4693000|0.0013241|0|2024-04-27 18:01:20
4690000|0.260912|0|2024-04-27 18:01:20
4689000|5.51431212|0|2024-04-27 18:01:20
4688000|4.4762561|0|2024-04-27 18:01:20
4687000|0.73652585|0|2024-04-27 18:01:20
4697000|2.7898338|1|2024-04-27 18:01:26
4698000|1.90062739|1|2024-04-27 18:01:26
4699000|9.46900103|1|2024-04-27 18:01:26
4700000|67.65194007|1|2024-04-27 18:01:26
4701000|2.66087728|1|2024-04-27 18:01:26
4690000|1.58592513|0|2024-04-27 18:01:26
4689000|8.50964614|0|2024-04-27 18:01:26
4688000|3.6651027|0|2024-04-27 18:01:26
4687000|0.73652585|0|2024-04-27 18:01:26
4686000|4.08132281|0|2024-04-27 18:01:26
4696000|0.18238968|1|2024-04-27 18:01:32
4697000|1.667722|1|2024-04-27 18:01:32
4698000|2.20134131|1|2024-04-27 18:01:32
4699000|9.76900103|1|2024-04-27 18:01:32
4700000|66.83940766|1|2024-04-27 18:01:32
4691000|2.13038822|0|2024-04-27 18:01:32
4690000|2.92582513|0|2024-04-27 18:01:32
4689000|7.78634326|0|2024-04-27 18:01:32
4688000|3.45197398|0|2024-04-27 18:01:32
4687000|0.73652585|0|2024-04-27 18:01:32
4696000|2.94721209|1|2024-04-27 18:01:38
4697000|1.667722|1|2024-04-27 18:01:38
4698000|1.94342504|1|2024-04-27 18:01:38
4699000|10.02524932|1|2024-04-27 18:01:38
4700000|65.59179064|1|2024-04-27 18:01:38
4691000|2.33867904|0|2024-04-27 18:01:38
4690000|3.60349216|0|2024-04-27 18:01:38
4689000|4.32361122|0|2024-04-27 18:01:38
4688000|1.09886056|0|2024-04-27 18:01:38
4687000|0.73652585|0|2024-04-27 18:01:38
4696000|0.0021322|1|2024-04-27 18:01:44
4697000|0.43916541|1|2024-04-27 18:01:44
4698000|1.94412504|1|2024-04-27 18:01:44
4699000|10.02524932|1|2024-04-27 18:01:44
4700000|65.89179064|1|2024-04-27 18:01:44
4693000|1.4625666|0|2024-04-27 18:01:44
4692000|1.61134475|0|2024-04-27 18:01:44
4691000|3.8893277|0|2024-04-27 18:01:44
4690000|2.18037924|0|2024-04-27 18:01:44
4689000|3.05971122|0|2024-04-27 18:01:44
4697000|0.39097704|1|2024-04-27 18:01:50
4698000|1.20412504|1|2024-04-27 18:01:50
4699000|10.02524932|1|2024-04-27 18:01:50
4700000|65.81979064|1|2024-04-27 18:01:50
4701000|0.06895522|1|2024-04-27 18:01:50
4693000|7.79141479|0|2024-04-27 18:01:50
4691000|4.76181968|0|2024-04-27 18:01:50
4690000|0.6002381|0|2024-04-27 18:01:50
4689000|3.05971122|0|2024-04-27 18:01:50
4688000|0.80669012|0|2024-04-27 18:01:50
4698000|1.72054173|1|2024-04-27 18:01:56
4699000|10.02524932|1|2024-04-27 18:01:56
4700000|66.96779064|1|2024-04-27 18:01:56
4701000|1.18148763|1|2024-04-27 18:01:56
4702000|7.79017483|1|2024-04-27 18:01:56
4694000|0.0011487|0|2024-04-27 18:01:56
4693000|7.70296471|0|2024-04-27 18:01:56
4691000|3.68308731|0|2024-04-27 18:01:56
4690000|1.50003724|0|2024-04-27 18:01:56
4689000|3.05971122|0|2024-04-27 18:01:56
4698000|4.48983682|1|2024-04-27 18:02:02
4699000|10.02524932|1|2024-04-27 18:02:02
4700000|66.96779064|1|2024-04-27 18:02:02
4701000|0.36895522|1|2024-04-27 18:02:02
4702000|8.60270724|1|2024-04-27 18:02:02
4695000|0.0011484|0|2024-04-27 18:02:02
4694000|2.12960394|0|2024-04-27 18:02:02
4693000|7.88714037|0|2024-04-27 18:02:02
4691000|1.22541534|0|2024-04-27 18:02:02
4690000|0.63632432|0|2024-04-27 18:02:02
4698000|2.56040779|1|2024-04-27 18:02:08
4699000|10.02524932|1|2024-04-27 18:02:08
4700000|68.03020697|1|2024-04-27 18:02:08
4701000|1.23107817|1|2024-04-27 18:02:08
4702000|7.74076764|1|2024-04-27 18:02:08
4697000|0.94776595|0|2024-04-27 18:02:08
4695000|2.13426449|0|2024-04-27 18:02:08
4694000|2.12960394|0|2024-04-27 18:02:08
4693000|7.88714037|0|2024-04-27 18:02:08
4691000|1.29741534|0|2024-04-27 18:02:08
4698000|2.54002799|1|2024-04-27 18:02:14
4699000|10.02524932|1|2024-04-27 18:02:14
4700000|67.13379064|1|2024-04-27 18:02:14
4701000|0.36895522|1|2024-04-27 18:02:14
4702000|6.92823523|1|2024-04-27 18:02:14
4695000|0.56187965|0|2024-04-27 18:02:14
4693000|2.53478204|0|2024-04-27 18:02:14
4692000|1.38540444|0|2024-04-27 18:02:14
4691000|1.22541534|0|2024-04-27 18:02:14
4690000|0.3602381|0|2024-04-27 18:02:14
4698000|7.679e-05|1|2024-04-27 18:02:20
4699000|10.02524932|1|2024-04-27 18:02:20
4700000|59.96779856|1|2024-04-27 18:02:20
4701000|0.06895522|1|2024-04-27 18:02:20
4702000|2.89810815|1|2024-04-27 18:02:20
4697000|0.03700215|0|2024-04-27 18:02:20
4696000|3.05977751|0|2024-04-27 18:02:20
4695000|1.65416384|0|2024-04-27 18:02:20
4694000|0.23434171|0|2024-04-27 18:02:20
4693000|2.53478204|0|2024-04-27 18:02:20
4699000|8.63967525|1|2024-04-27 18:02:26
4700000|59.96779856|1|2024-04-27 18:02:26
4701000|0.06895522|1|2024-04-27 18:02:26
4702000|2.89810815|1|2024-04-27 18:02:26
4703000|0.2701435|1|2024-04-27 18:02:26
4696000|1.69715903|0|2024-04-27 18:02:26
4695000|2.61603799|0|2024-04-27 18:02:26
4694000|0.23434171|0|2024-04-27 18:02:26
4693000|3.75950644|0|2024-04-27 18:02:26
4691000|0.074|0|2024-04-27 18:02:26
4697000|1.20085958|1|2024-04-27 18:02:33
4698000|23.58064729|1|2024-04-27 18:02:33
4699000|8.66095638|1|2024-04-27 18:02:33
4700000|59.96779856|1|2024-04-27 18:02:33
4701000|0.06895522|1|2024-04-27 18:02:33
4696000|2.76234863|0|2024-04-27 18:02:33
4695000|1.26753799|0|2024-04-27 18:02:33
4694000|7.16605973|0|2024-04-27 18:02:33
4693000|1.40890006|0|2024-04-27 18:02:33
4691000|0.074|0|2024-04-27 18:02:33
4698000|11.66357222|1|2024-04-27 18:02:39
4699000|8.66095638|1|2024-04-27 18:02:39
4700000|60.53674586|1|2024-04-27 18:02:39
4701000|0.06895522|1|2024-04-27 18:02:39
4702000|2.89810815|1|2024-04-27 18:02:39
4696000|3.96705166|0|2024-04-27 18:02:39
4695000|3.47893109|0|2024-04-27 18:02:39
4694000|0.81538282|0|2024-04-27 18:02:39
4693000|0.18417566|0|2024-04-27 18:02:39
4691000|0.074|0|2024-04-27 18:02:39
4699000|8.58037584|1|2024-04-27 18:02:45
4700000|60.53674586|1|2024-04-27 18:02:45
4701000|0.06895522|1|2024-04-27 18:02:45
4702000|2.89810815|1|2024-04-27 18:02:45
4703000|0.2701435|1|2024-04-27 18:02:45
4698000|1.85657936|0|2024-04-27 18:02:45
4696000|4.32153556|0|2024-04-27 18:02:45
4695000|6.64171131|0|2024-04-27 18:02:45
4694000|0.23434171|0|2024-04-27 18:02:45
4693000|0.18417566|0|2024-04-27 18:02:45
4707000|4.70223554|1|2024-04-27 18:02:51
4708000|1.22260126|1|2024-04-27 18:02:51
4709000|5.58311758|1|2024-04-27 18:02:51
4710000|26.07657317|1|2024-04-27 18:02:51
4711000|3.58776994|1|2024-04-27 18:02:51
4701000|1.3468|0|2024-04-27 18:02:51
4700000|16.78352653|0|2024-04-27 18:02:51
4698000|11.90795202|0|2024-04-27 18:02:51
4697000|0.072|0|2024-04-27 18:02:51
4696000|4.73980675|0|2024-04-27 18:02:51
4710000|18.35339057|1|2024-04-27 18:02:57
4711000|3.58776994|1|2024-04-27 18:02:57
4712000|1.33373498|1|2024-04-27 18:02:57
4713000|2.20251653|1|2024-04-27 18:02:57
4714000|1.31774198|1|2024-04-27 18:02:57
4706000|1.800725|0|2024-04-27 18:02:57
4705000|1.88474035|0|2024-04-27 18:02:57
4703000|0.93732545|0|2024-04-27 18:02:57
4702000|4.179|0|2024-04-27 18:02:57
4701000|0.072|0|2024-04-27 18:02:57
4716000|2.26625666|1|2024-04-27 18:03:03
4717000|0.10630135|1|2024-04-27 18:03:03
4718000|2.15352762|1|2024-04-27 18:03:03
4719000|2.38793908|1|2024-04-27 18:03:03
4720000|17.16362381|1|2024-04-27 18:03:03
4714000|1.49740825|0|2024-04-27 18:03:03
4711000|1.4037|0|2024-04-27 18:03:03
4710000|2.41969815|0|2024-04-27 18:03:03
4709000|1.2096876|0|2024-04-27 18:03:03
4708000|0.2121919|0|2024-04-27 18:03:03
4715000|0.00107|1|2024-04-27 18:03:09
4716000|3.28175666|1|2024-04-27 18:03:09
4717000|5.83138227|1|2024-04-27 18:03:09
4718000|3.78337692|1|2024-04-27 18:03:09
4719000|3.2488317|1|2024-04-27 18:03:09
4710000|0.89431101|0|2024-04-27 18:03:09
4709000|4.71676917|0|2024-04-27 18:03:09
4708000|0.2121919|0|2024-04-27 18:03:09
4707000|1.69959634|0|2024-04-27 18:03:09
4706000|27.50325172|0|2024-04-27 18:03:09
4714000|2.34944334|1|2024-04-27 18:03:15
4715000|4.26938042|1|2024-04-27 18:03:15
4716000|3.62309163|1|2024-04-27 18:03:15
4717000|5.01884986|1|2024-04-27 18:03:15
4718000|2.45452762|1|2024-04-27 18:03:15
4709000|2.86171037|0|2024-04-27 18:03:15
4708000|1.69865366|0|2024-04-27 18:03:15
4707000|1.69959634|0|2024-04-27 18:03:15
4706000|27.50325172|0|2024-04-27 18:03:15
4705000|1.27296678|0|2024-04-27 18:03:15
4710000|0.64068305|1|2024-04-27 18:03:21
4711000|0.00485046|1|2024-04-27 18:03:21
4712000|2.55153535|1|2024-04-27 18:03:21
4713000|1.4289|1|2024-04-27 18:03:21
4714000|4.11512708|1|2024-04-27 18:03:21
4709000|3.94149658|0|2024-04-27 18:03:21
4708000|0.72880265|0|2024-04-27 18:03:21
4707000|0.23496356|0|2024-04-27 18:03:21
4706000|28.86846172|0|2024-04-27 18:03:21
4705000|1.1817128|0|2024-04-27 18:03:21
4709000|0.35869736|1|2024-04-27 18:03:27
4710000|0.85982262|1|2024-04-27 18:03:27
4711000|2.29884339|1|2024-04-27 18:03:27
4712000|37.35575045|1|2024-04-27 18:03:27
4713000|0.0021218|1|2024-04-27 18:03:27
4706000|22.60552356|0|2024-04-27 18:03:27
4705000|1.07530719|0|2024-04-27 18:03:27
4704000|1.2|0|2024-04-27 18:03:27
4702000|0.0011128|0|2024-04-27 18:03:27
4701000|1.78685385|0|2024-04-27 18:03:27
4713000|0.0021218|1|2024-04-27 18:03:33
4715000|0.02332981|1|2024-04-27 18:03:33
4716000|2.97402282|1|2024-04-27 18:03:33
4717000|1.51887512|1|2024-04-27 18:03:33
4718000|2.15352762|1|2024-04-27 18:03:33
4710000|1.09206588|0|2024-04-27 18:03:33
4709000|1.39868982|0|2024-04-27 18:03:33
4708000|2.87840608|0|2024-04-27 18:03:33
4707000|1.33606945|0|2024-04-27 18:03:33
4706000|22.411004|0|2024-04-27 18:03:33
4711000|1.44220876|1|2024-04-27 18:03:39
4712000|0.85982262|1|2024-04-27 18:03:39
4714000|1.322|1|2024-04-27 18:03:39
4715000|0.50744538|1|2024-04-27 18:03:39
4716000|3.69563133|1|2024-04-27 18:03:39
4709000|0.10497078|0|2024-04-27 18:03:39
4707000|0.38348556|0|2024-04-27 18:03:39
4706000|21.59871182|0|2024-04-27 18:03:39
4705000|1.07530719|0|2024-04-27 18:03:39
4704000|0.92914234|0|2024-04-27 18:03:39
4714000|2.28759827|1|2024-04-27 18:03:45
4715000|2.73400848|1|2024-04-27 18:03:45
4716000|2.8362505|1|2024-04-27 18:03:45
4717000|1.3363901|1|2024-04-27 18:03:45
4718000|3.5827649|1|2024-04-27 18:03:45
4709000|1.82934973|0|2024-04-27 18:03:45
4708000|2.81766206|0|2024-04-27 18:03:45
4707000|1.73808556|0|2024-04-27 18:03:45
4706000|21.59871182|0|2024-04-27 18:03:45
4705000|1.07530719|0|2024-04-27 18:03:45
4714000|2.0|1|2024-04-27 18:03:51
4715000|3.14747798|1|2024-04-27 18:03:51
4716000|1.4842505|1|2024-04-27 18:03:51
4717000|1.54072135|1|2024-04-27 18:03:51
4718000|2.3087649|1|2024-04-27 18:03:51
4710000|1.142|0|2024-04-27 18:03:51
4709000|9.20674907|0|2024-04-27 18:03:51
4708000|3.57709345|0|2024-04-27 18:03:51
4707000|2.05619867|0|2024-04-27 18:03:51
4706000|21.67271182|0|2024-04-27 18:03:51
4718000|2.15988625|1|2024-04-27 18:03:58
4719000|4.39877718|1|2024-04-27 18:03:58
4720000|18.34948738|1|2024-04-27 18:03:58
4721000|33.09832213|1|2024-04-27 18:03:58
4722000|3.8492239|1|2024-04-27 18:03:58
4713000|1.17|0|2024-04-27 18:03:58
4712000|1.21118099|0|2024-04-27 18:03:58
4711000|3.27399976|0|2024-04-27 18:03:58
4710000|4.02425117|0|2024-04-27 18:03:58
4709000|7.808227|0|2024-04-27 18:03:58
4718000|1.73618967|1|2024-04-27 18:04:04
4719000|2.69112818|1|2024-04-27 18:04:04
4720000|17.49083484|1|2024-04-27 18:04:04
4721000|31.72786956|1|2024-04-27 18:04:04
4722000|2.6792239|1|2024-04-27 18:04:04
4714000|3.13461332|0|2024-04-27 18:04:04
4713000|4.75862572|0|2024-04-27 18:04:04
4712000|2.02243884|0|2024-04-27 18:04:04
4710000|2.19914225|0|2024-04-27 18:04:04
4709000|8.88029844|0|2024-04-27 18:04:04
4721000|14.56199646|1|2024-04-27 18:04:10
4722000|2.6792239|1|2024-04-27 18:04:10
4723000|1.59335849|1|2024-04-27 18:04:10
4724000|1.38913404|1|2024-04-27 18:04:10
4725000|3.60765851|1|2024-04-27 18:04:10
4718000|2.22977108|0|2024-04-27 18:04:10
4717000|1.448315|0|2024-04-27 18:04:10
4716000|1.90049003|0|2024-04-27 18:04:10
4715000|0.75830392|0|2024-04-27 18:04:10
4714000|1.94491366|0|2024-04-27 18:04:10
4721000|12.88104259|1|2024-04-27 18:04:16
4722000|2.6792239|1|2024-04-27 18:04:16
4723000|0.73525135|1|2024-04-27 18:04:16
4724000|1.75359904|1|2024-04-27 18:04:16
4725000|3.88765851|1|2024-04-27 18:04:16
4719000|0.01943608|0|2024-04-27 18:04:16
4718000|5.72052401|0|2024-04-27 18:04:16
4717000|3.95984832|0|2024-04-27 18:04:16
4716000|1.9614007|0|2024-04-27 18:04:16
4714000|2.06531557|0|2024-04-27 18:04:16
4720000|0.51199366|1|2024-04-27 18:04:22
4721000|20.39753488|1|2024-04-27 18:04:22
4722000|2.6792239|1|2024-04-27 18:04:22
4723000|0.73525135|1|2024-04-27 18:04:22
4724000|2.87913404|1|2024-04-27 18:04:22
4716000|0.6219007|0|2024-04-27 18:04:22
4715000|1.32799639|0|2024-04-27 18:04:22
4714000|2.43645447|0|2024-04-27 18:04:22
4713000|8.32243263|0|2024-04-27 18:04:22
4712000|0.076|0|2024-04-27 18:04:22
4717000|0.00528797|1|2024-04-27 18:04:28
4720000|1.4305|1|2024-04-27 18:04:28
4721000|19.67640823|1|2024-04-27 18:04:28
4722000|2.6792239|1|2024-04-27 18:04:28
4723000|0.73525135|1|2024-04-27 18:04:28
4716000|0.41149166|0|2024-04-27 18:04:28
4715000|2.0|0|2024-04-27 18:04:28
4714000|0.19082524|0|2024-04-27 18:04:28
4713000|10.35304941|0|2024-04-27 18:04:28
4712000|0.076|0|2024-04-27 18:04:28
4720000|4.82818775|1|2024-04-27 18:04:34
4721000|19.67640823|1|2024-04-27 18:04:34
4722000|6.86835098|1|2024-04-27 18:04:34
4723000|1.59335849|1|2024-04-27 18:04:34
4724000|3.93476968|1|2024-04-27 18:04:34
4717000|0.21199915|0|2024-04-27 18:04:34
4716000|2.9857288|0|2024-04-27 18:04:34
4715000|2.0|0|2024-04-27 18:04:34
4714000|0.19082524|0|2024-04-27 18:04:34
4713000|4.0011994|0|2024-04-27 18:04:34
4717000|0.21431732|1|2024-04-27 18:04:40
4718000|1.4002186|1|2024-04-27 18:04:40
